2926 5062
710 511 746 565 10

176 667 263 724 simul
278 667 402 726 stellari-
391 667 506 744 -pilosa
555 669 721 726 Pedunculi
738 665 817 747 ΗΜ
835 668 925 745 longi,
944 685 1059 744 cymam
1079 671 1233 724 nutantem
1248 680 1278 719 v.

175 765 313 806 cernuam
328 755 470 807 tenentes.
512 747 656 807 Pedicelli
671 750 734 806 basi
749 749 908 822 articulati,
923 747 1058 819 conferti,
1073 746 1196 804 floriferi
1209 745 1276 801 brc-

174 828 289 886 vissimi
304 849 331 886 v.
348 830 385 887 ad
399 830 492 887 lineas
507 829 580 886 duas
593 828 684 904 longi,
700 830 738 887 ad
752 828 836 887 basin
852 830 1001 888 bracteam
1014 829 1154 886 linearem
1169 826 1223 882 vix
1240 818 1277 880 l“‘

174 910 367 967 excedentem
380 910 585 985 producentes.
619 909 777 967 Bractecla
788 929 862 986 vage
871 911 999 979 trisecta,
1012 930 1030 967 a
1044 908 1144 985 calyce
1159 904 1229 981 (salt
1230 921 1278 961 em

174 988 344 1066 fructifero)
359 990 511 1064 paululum
524 996 643 1059 remota,
662 990 821 1063 segmentis
836 989 1038 1047 canaliculari-
1040 987 1201 1047 linearibus
1215 984 1278 1042 fere
1324 1016 1326 1021 ,

178 1066 234 1146 ΙΨ
251 1069 356 1144 longis.
401 1069 498 1145 Calyx
519 1069 638 1127 circiter
658 1070 888 1144 semipallicaris,
910 1076 962 1126 ext
963 1089 998 1126 us
950 1070 1143 1127 thirsutie
1163 1065 1275 1124 subfer-

174 1150 300 1224 ruginea
314 1149 425 1207 stellari
440 1157 629 1221 tomentosus,
644 1150 724 1206 intus
745 1149 971 1225 glabriusculus,
992 1150 1177 1207 mediotenus
1190 1146 1276 1221 quin·

175 1229 325 1303 quefidus;
345 1230 435 1287 tubus
448 1194 706 1307 sub-campairulat
707 1248 750 1300 us,
765 1231 866 1289 nervis
880 1230 988 1306 viginti
1004 1227 1277 1296 striatus31aciniae

175 1309 350 1367 lanceolata·
352 1309 477 1368 lineares
503 1309 653 1368 subulato·
655 1328 709 1367 acu
711 1317 780 1368 tatae
801 1311 1002 1386 prominenter
1029 1310 1184 1380 trinerves,
1211 1308 1278 1364 sinu

175 1389 237 1447 lato
261 1389 426 1464 disjunctae
480 1390 586 1448 Petala
613 1391 695 1447 sinus
723 1390 832 1468 calycis
858 1391 989 1448 breviter
1016 1389 1192 1465 superantia,
1219 1381 1278 1463 Ψ

176 1470 295 1528 circiter
304 1471 401 1545 longa,
413 1489 530 1541 venosa,
545 1471 656 1546 glabra,
671 1469 787 1529 inferne
801 1472 995 1529 crassiuscule
1010 1470 1041 1531 7·
1042 1471 1155 1528 nervia.
1197 1468 1277 1525 Fila·

176 1557 278 1608 menta
297 1551 409 1622 brevia,
432 1551 545 1626 glabra.
596 1548 793 1629 Antheraefi'l
807 1552 912 1645 longae.
967 1550 1151 1611 Staminodia
1164 1547 1277 1624 glabra,

177 1630 297 1688 circiter
314 1627 370 1706 ψ’
383 1630 491 1707 longa3
512 1632 613 1689 decem
627 1638 655 1688 st
643 1631 823 1689 taminibus'
810 1640 883 1705 Juxt
884 1650 914 1689 a·
903 1633 1014 1709 posita
1028 1630 1134 1689 ceteris
1148 1629 1278 1703 quinque

174 1710 263 1787 paulo
277 1711 435 1769 breviores.
479 1710 557 1788 Styli
578 1729 703 1787 superne
722 1713 857 1784 contorti,
876 1731 936 1768 non
955 1713 1035 1770 acin
1050 1707 1278 1770 Commersoniis

176 1791 364 1866 separabiles,
398 1791 503 1867 glabri,
532 1792 640 1850 lineam
670 1792 759 1866 paulo
789 1794 975 1851 excedentes
1038 1791 1169 1850 German
1198 1790 1277 1846 albo·

176 1870 542 1948 velut·t1num.0apsula
574 1872 674 1977 calyce
706 1873 861 1931 immutato
893 1880 1016 1944 retenta,
1046 1892 1103 1930 ova
1103 1869 1278 1946 to-globosa,

175 1951 325 2010 lenissime
347 1958 510 2028 tetragona,
536 1949 733 2029 5-6'l10nga,
756 1953 838 2012 intus
857 1954 962 2030 glabra
981 1960 1139 2030 rugosaet
1127 1950 1278 2009 tflavido

175 2032 283 2102 nitens,
308 2039 395 2090 extus
423 2033 492 2108 pilis
517 2032 683 2091 stellaribus
707 2035 910 2109 prurientibus
938 2035 1075 2111 rigidulis
1099 2030 1278 2107 ferrugineis

175 2111 264 2172 facile
282 2113 486 2172 defriabilibus
506 2114 635 2171 vestita·
627 2115 751 2182 ,vulvae
766 2118 785 2172 2
799 2115 912 2173 diutius
926 2115 1114 2173 cohaerentes.
1159 2110 1279 2170 Semina

175 2212 266 2270 prope
279 2194 364 2252 basin
374 2202 404 2253 et
417 2195 546 2253 medium
557 2157 645 2252 loculi
657 2196 830 2270 geminatim
839 2195 1036 2260 collateralia;
1061 2196 1098 2249 l-
1077 2192 1279 2266 -2superiora

175 2292 385 2349 nonnunquam
412 2275 558 2332 deficient
537 2281 587 2343 ιιι,
613 2271 651 2330 2''¹
678 2274 775 2348 longa,
801 2274 1081 2349 ovato-ellipsoidea,
1107 2271 1278 2328 tenuissime

175 2355 327 2430 puberula
375 2352 544 2428 Strophiola
562 2353 663 2424 livida,
683 2353 828 2428 profunde
844 2354 876 2411 in
897 2354 1019 2411 lacinias
1043 2355 1101 2411 8-9
1121 2350 1278 2425 inaequales

176 2432 465 2491 curvato-filiformes
479 2452 508 2489 v.
524 2431 676 2490 subulatas
694 2433 770 2503 fissa,
785 2433 894 2492 lineam
912 2452 979 2491 raro
998 2433 1153 2490 excedens.
1195 2431 1277 2488 Inte·

175 2519 349 2590 gumentum
368 2513 487 2570 seminis
503 2513 636 2570 exterius
655 2513 772 2571 sordide
788 2514 913 2585 fuscum,
929 2514 955 2571 si
968 2513 1174 2583 madefactum,
1190 2511 1277 2568 facile

176 2593 338 2669 separabile
348 2615 356 2660 3
385 2593 619 2668 integumentum
638 2593 768 2651 medium
789 2601 887 2651 atrum
906 2594 1113 2668 punctulatum
1133 2610 1277 2668 opacum3

176 2674 411 2750 integumentum
425 2672 563 2730 intimum
575 2673 715 2731 albidum.

216 2753 254 2810 In
268 2753 439 2811 collectione
455 2751 605 2811 Oldfieldii
621 2753 759 2812 botanica
777 2756 814 2813 ad
828 2755 937 2813 flumen
950 2754 1125 2812 Murchison
1139 2766 1279 2828 congesta

125 2871 130 2879 ·
175 2831 427 2910 Achilleopsidem
448 2833 635 2891 densifloram
659 2835 765 2910 reperi,
791 2854 880 2910 quam
908 2836 1038 2911 stirpem,
1063 2833 1278 2893 Drummondio

175 2915 265 2973 etiam
278 2913 310 2970 in
324 2913 423 2971 Hook.
438 2913 524 2972 Kevv.
539 2913 626 2972 Misc.
645 2916 729 2985 1853,
745 2935 773 2991 p.
792 2918 857 2986 144,
880 2917 1089 2987 adumbratam,
1110 2915 1247 2992 generice
1262 2933 1280 2970 a

175 2992 327 3070 Rulingiis
340 3012 476 3071 separare
490 3001 605 3070 oportet
619 2996 656 3053 ob
670 2997 796 3054 stamina
809 2998 911 3068 libera,
927 2998 1059 3074 carpidia
1074 3014 1278 3072 monosperma

72 3146 74 3150 ,
178 3075 392 3134 subchartacea
411 3094 471 3133 non
491 3076 550 3134 nisi
571 3076 630 3134 ima
649 3075 713 3134 basi
735 3079 842 3136 coalita
863 3086 893 3137 et
913 3098 1006 3137 nervo
1027 3079 1136 3136 dorsali
1158 3077 1279 3133 cristato

177 3163 303 3233 excepto
321 3174 403 3232 paene
420 3157 514 3227 laevia,
533 3163 563 3215 et
581 3165 703 3233 propter
724 3159 835 3217 semina
856 3159 1017 3235 strophiolo
1031 3177 1151 3234 prorsus
1165 3157 1276 3213 orbata.

176 3237 342 3312 Utriusque
355 3238 472 3312 generis
486 3240 627 3314 embryon
641 3240 799 3296 observavi
813 3237 971 3296 conforme.
1006 3239 1156 3294 Praeterea
1169 3236 1275 3292 herba-

175 3319 253 3375 rium
268 3317 419 3375 Oldfieldii
434 3321 485 3374 dat
499 3317 749 3376 Commersoniam
763 3316 993 3388 Gaudichaudii,
1015 3323 1045 3374 et
1065 3335 1130 3374 eam
1143 3315 1278 3390 pluribus

178 3397 372 3454 varietatibus
386 3397 545 3455 ludentem.
586 3397 672 3453 Folia
685 3395 764 3454 enim
777 3398 841 3455 vidi
854 3398 1026 3472 plerumque
1039 3397 1136 3453 minus
1150 3394 1277 3466 obliqua,

177 3495 266 3552 quam
279 3494 344 3550 quae
358 3476 404 3533 ico
418 3475 542 3551 pulchra
556 3474 694 3553 Gayiana
707 3476 838 3549 exhibet,
855 3495 942 3552 porro
958 3476 1024 3552 plus
1037 3476 1174 3533 minusve
1188 3475 1277 3549 aequi·

176 3557 272 3615 latera
290 3557 434 3614 subovata
452 3556 501 3613 vel
519 3556 552 3613 in
570 3556 720 3614 cordatam
739 3557 931 3615 orbiculatam
950 3563 982 3615 et
999 3563 1132 3614 renatam
1154 3555 1278 3613 formam

178 3635 341 3712 vergentia,
356 3655 415 3693 non
428 3636 527 3694 minus
540 3637 744 3711 magnitudine
758 3635 921 3694 variabilia.
954 3636 1159 3694 Dimensiones
1173 3636 1279 3694 florum

177 3717 280 3776 eodem
293 3715 379 3773 modo
392 3716 542 3774 vacillant.
583 3716 689 3775 Petela
703 3717 801 3774 albida
820 3738 849 3775 v.
868 3735 953 3775 rosea
970 3736 1038 3775 raro
1057 3717 1280 3775 coerulescentia

178 3798 301 3856 adnotat
320 3796 466 3853 inventor.
508 3796 671 3872 Appendix
688 3797 852 3873 petalorum
871 3816 948 3873 saepe
969 3805 1057 3855 ovata
1070 3817 1098 3854 v.
1114 3798 1279 3856 orbiculata

178 3877 339 3945 invenitur,
364 3883 394 3934 et
422 3876 537 3943 laciniae
564 3876 701 3935 laterales
726 3877 941 3936 filamentorum
968 3877 1110 3936 fertilium
1138 3887 1277 3954 angusto-

178 3957 354 4035 spathulatae
364 3957 563 4032 reperiuntur.
585 3955 836 4016 Commersoniam
847 3958 1021 4029 echinatam,
1029 3957 1092 4032 jam
1103 3960 1278 4019 observante

179 4038 288 4097 illustri
301 4036 434 4112 dosepho
449 4037 579 4109 Hoolrer,
600 4037 631 4093 in
644 4037 800 4096 Australia
818 4040 934 4115 tropica
953 4040 1079 4112 obviam,
1097 4041 1160 4115 ipse
1180 4041 1277 4115 reperi

178 4120 210 4175 in
226 4117 311 4176 silvis
323 4118 471 4176 montanis
480 4116 571 4192 juxta
583 4118 681 4174 rivum
695 4118 771 4176 Pine
785 4119 885 4189 River‚
901 4120 952 4195 qui
967 4121 1045 4178 sinui
1058 4120 1196 4179 Moreton
1211 4121 1278 4197 Bay

180 4198 294 4257 adfluit.
335 4197 417 4254 Nota
436 4197 472 4256 de
491 4198 648 4273 praesentia
667 4205 697 4256 et
713 4198 829 4257 defectu
849 4200 1011 4276 petalorum
1025 4201 1057 4258 in
1071 4202 1279 4276 dignoscendis
1334 4259 1336 4262 Α

178 4278 447 4353 Lasiopetalearum
479 4278 632 4353 speciebus
660 4285 745 4338 caute
773 4280 955 4340 adhibeatur.
1005 4281 1084 4339 Nam
1117 4282 1279 4357 specimina

181 4357 347 4415 Thomasiae
360 4358 571 4434 macrocalycis
579 4359 623 4416 'ad
637 4359 734 4418 sinum
750 4357 845 4418 South
858 4360 943 4420 West
955 4362 1022 4439 Bay
1037 4361 1162 4420 collecta
1181 4370 1277 4420 osten·
