2926 5062
699 506 756 563 152

146 700 155 724 ,
178 677 245 716 cum
273 660 352 736 stylo
375 661 487 736 pluries
509 662 646 722 breviore
668 666 762 737 alate,
784 665 840 722 alis
863 665 1087 723 substnmiueis
1111 672 1280 724 extrorsum

178 741 281 808 versis,
301 742 527 808 confluentibus,
544 746 720 803 rotundatis.
760 747 894 804 Xucleus
911 746 1003 804 latere
1023 748 1173 804 exteriore
1188 746 1280 820 longi-

178 820 352 878 tudinaliter
366 824 572 895 uni-sulcatus,
587 827 757 900 ceteroquin
771 827 938 901 ungulatus.

218 899 318 958 Juxta
331 902 368 960 T.
383 903 549 982 Catappam
562 907 594 963 in
608 916 737 983 systema
749 908 907 965 inseratur.

533 1089 724 1148 Terminalia
739 1101 931 1168 pterocarya.

609 1192 693 1253 (Soet
708 1193 850 1256 Omont)

219 1280 396 1350 Arbuscula,
408 1283 530 1340 ramulis
544 1285 744 1341 teretiusculis
758 1304 824 1341 cnm
838 1284 1010 1360 pedunculis
1021 1284 1197 1359 petiolisqne
1212 1286 1281 1342 sub·

178 1361 328 1431 velutinis,
351 1361 432 1419 foliis
453 1365 587 1420 obovatis
608 1364 723 1421 obtusis
746 1366 796 1422 vel
815 1366 1006 1438 emarginatis
1029 1366 1090 1421 basi
1114 1368 1279 1440 angustatis

178 1441 385 1514 glabriuscnlis
395 1442 651 1516 glauccseentibus
666 1445 761 1520 planis
771 1445 971 1519 integerrimis
981 1446 1147 1502 uninerviis
1163 1447 1280 1504 venosis

177 1521 286 1595 petiolo
299 1532 404 1595 quater
418 1523 456 1579 ad
470 1524 567 1580 sexies
581 1525 771 1599 longioribus,
784 1527 891 1602 dmpis
903 1524 1022 1600 qlabru
1035 1529 1133 1583 oratis
1148 1529 1281 1584 araxis

177 1600 301 1658 obrem
314 1606 479 1678 tetraqoms
489 1624 556 1661 cam
570 1605 650 1681 stylo
658 1606 866 1684 pediaelloque
880 1605 941 1662 late
951 1605 1083 1674 Malata,
1096 1615 1174 1664 testa
1186 1606 1279 1677 fusos,

177 1682 283 1739 nucleo
296 1683 491 1758 cylindrsceo.

218 1762 255 1818 In
270 1763 357 1838 plaga
370 1764 431 1820 alta
443 1766 572 1839 rupestri
586 1764 960 1840 (Sandstone-Tableland)
978 1766 1057 1822 inter
1069 1765 1194 1824 flumina
1206 1767 1279 1824 Vic-

177 1843 254 1899 toria
268 1853 298 1900 et
321 1843 415 1902 South
438 1845 589 1920 Alligator
608 1847 710 1914 River,
730 1865 785 1904 nec
807 1865 865 1903 non
885 1864 976 1921 prope
994 1855 1107 1903 montes
1127 1847 1280 1904 McAdam
1371 1861 1375 1870 '

178 1919 292 1996 Range.

217 2003 387 2060 Arbuscula
411 2004 448 2061 ad
473 2004 520 2061 20(
544 2006 614 2064 alta.
655 2005 774 2062 Romuli
799 2008 940 2082 patentes,
963 2006 1074 2063 cortice
1098 2024 1174 2062 cano
1196 2005 1279 2064 fusco

176 2083 317 2157 ruguloso
330 2085 460 2142 obducti.
495 2086 580 2142 Folia
593 2087 732 2161 pleraque
750 2084 837 2163 13-2‘
854 2087 951 2160 longa,
967 2086 1004 2141 ad
1022 2082 1050 2140 l'
1064 2084 1135 2143 lata.
1170 2085 1280 2144 Petioli

176 2165 446 2240 tereti-compressi.
489 2166 599 2240 Drupae
628 2185 694 2223 cum
722 2167 770 2223 ala
797 2167 915 2222 unciam
941 2165 1045 2239 longae,
1075 2166 1277 2240 pallescentes

175 2243 243 2301 Alae
257 2245 400 2303 diametro
414 2248 574 2320 putaminis
587 2247 739 2320 aquilatae,
754 2248 837 2321 epioe
850 2247 969 2314 obtusae,
985 2247 1048 2302 basi
1062 2256 1237 2322 angustata.

217 2324 302 2382 Inter
315 2327 428 2401 species
441 2327 599 2384 Australes
613 2328 799 2384 antecedenti
812 2326 956 2402 proxima

541 2484 730 2542 Terminalia
744 2483 917 2561 oblonqata.

215 2579 426 2660 Arborescens,
451 2590 573 2648 ramulis
595 2590 740 2647 teretibus
763 2609 831 2647 cum
854 2590 933 2648 foliis
958 2591 1191 2666 pedunculisque
1213 2592 1276 2667 gla-

175 2670 385 2740 brescentibns,
413 2670 506 2746 soliis
534 2670 777 2745 subfasciculatis
803 2673 1079 2749 conecto-oblongis}
1106 2673 1155 2729 vel
1182 2674 1278 2730 rarius

175 2750 310 2808 eboratis
324 2751 526 2826 penninerviis
540 2751 690 2810 venulosis
708 2750 823 2808 obtusis
838 2752 945 2827 petiolo
960 2753 1071 2827 pluries
1085 2753 1276 2827 longioribus,

176 2831 265 2905 spicis
279 2830 350 2888 folia
364 2832 572 2906 superantibus
587 2832 896 2906 tenui-pedunculatis,
912 2832 1015 2907 calyce
1028 2834 1111 2890 intus
1124 2853 1192 2890 oum
1205 2833 1278 2910 styli
1305 2897 1306 2900 Ἴ

171 2922 264 2993 parte
277 2911 380 2987 infira
387 2912 571 2987 pubescente,
585 2912 676 2968 limbo
690 2911 754 2968 tubi
769 2912 983 2986 longitudinem
998 2913 1089 2990 duplo
1103 2914 1275 2972 excedente.

216 2990 253 3048 In
275 2992 414 3066 virgultis
436 2992 473 3049 ad
493 2993 599 3050 fluvios
620 2992 750 3069 Fitzroy,
772 2991 883 3062 Suttor,
906 2993 1035 3050 Dawson
1052 3002 1083 3050 et
1099 2993 1277 3060 Burdekin3

176 3071 208 3128 in
221 3080 302 3129 terra
314 3072 472 3130 Arnhem’s
486 3072 579 3130 Laud.
1268 3124 1270 3131 .

215 3153 386 3211 Arbuscula
396 3154 485 3210 ramis
500 3154 673 3227 squamosis.
708 3152 793 3210 Folia
804 3148 874 3228 Η
885 3153 981 3227 longa,
993 3153 1166 3210 indistincte
1180 3153 1274 3227 pellu-

176 3234 419 3308 centi-punctata.
463 3233 558 3308 Spicae
573 3233 790 3308 potentissimae,
809 3229 897 3308 1-ly
908 3233 1012 3307 longae.
1047 3233 1171 3307 Calyces
1185 3233 1276 3292 flave-

175 3322 298 3384 scentes,
319 3310 398 3372 3-4‘¹'
417 3313 506 3389 longi,
529 3323 618 3370 extus
637 3314 749 3383 sericei,
771 3313 866 3369 rarius
885 3311 990 3387 glabri.
1035 3313 1137 3388 Stylus
1158 3314 1277 3371 demum

175 3394 371 3451 semuncialis.
404 3394 531 3452 Fructus
546 3394 648 3470 ignoti,
660 3413 751 3468 quare
765 3394 871 3468 positio
882 3393 1049 3451 sectionalis
1063 3392 1152 3467 hujus
1166 3395 1275 3468 speciei

175 3491 233 3530 non
249 3475 420 3532 definienda

216 3552 288 3608 Vidi
313 3554 342 3609 in
365 3553 520 3611 Australis
535 3572 623 3611 unam
648 3555 808 3612 alteramve
830 3554 956 3628 speciem
977 3574 993 3611 a
1017 3553 1215 3628 praeeuntibus
1230 3554 1275 3610 di·

175 3650 289 3690 versam
304 3641 383 3690 statu
398 3642 495 3692 autem
510 3635 582 3692 adeo
592 3635 772 3711 imperfecto,
785 3643 819 3692 ut
832 3635 1033 3693 definitionem
1047 3652 1106 3691 non
1120 3641 1274 3692 tentarem.

588 3821 861 3883 Euenoanmcnm.

524 3924 703 4001 Euphorbia
717 3926 922 4003 erythrontlta.

215 4030 367 4104 Perennis,
380 4036 486 4100 erecta,
499 4030 814 4106 calatino-pubescens,
826 4031 905 4089 foliis
915 4030 1057 4108 oppositis
1071 4030 1276 4089 subsessilibus

175 4112 351 4170 orbiculato·
367 4131 396 4170 v.
412 4110 687 4170 conecto-obovatis
702 4112 813 4186 apicem
828 4131 931 4169 versus
946 4113 1094 4170 subtiliter
1113 4110 1274 4181 serrulatis,

175 4192 337 4250 involucris
356 4193 478 4251 minutis
495 4192 668 4250 axillaribus
685 4192 831 4262 solitariis,
848 4192 1005 4251 bracteolis
1020 4195 1118 4250 antica
1137 4201 1272 4252 aenato-

175 4271 329 4332 looiniotis
347 4273 505 4349 plandalt's
522 4271 766 4350 stiymatibusque
782 4276 968 4350 suspiciosis,
991 4274 1124 4332 antheris
1145 4272 1273 4346 nigritie,

173 4354 300 4429 capsulis
314 4355 414 4430 parvis
430 4355 665 4431 pubescentibus.
