2926 5062
720 543 759 603 67

222 704 259 761 In
281 705 405 763 collibus
427 704 590 780 praesertim
610 704 746 762 calcariis
765 723 855 780 prope
871 710 985 762 montes
1007 705 1144 762 Flinders
1166 706 1285 782 Ranges

181 794 211 842 et
225 802 316 860 prope
331 787 412 843 sinus
429 783 582 861 Spencer’s
597 783 676 843 Gulf
686 793 717 842 et
733 783 777 842 St.
793 785 947 842 Vincent’s
962 783 1046 843 Gulf.

221 866 323 923 Arbor
343 867 439 922 minor
458 885 487 923 v.
507 865 671 935 mediocris,
695 862 1003 941 “Peppermint-tree'’
1022 865 1054 921 in
1076 865 1190 923 colonia
1203 865 1285 924 Ade-

181 946 306 1003 laidensi
326 946 485 1003 nominata.
526 944 638 1005 Cortex
660 945 776 1003 sordide
795 944 1037 1012 cinereo-fuscus,
1059 963 1186 1020 rugosus
1201 955 1231 1004 et
1245 947 1284 1003 ri-

181 1026 318 1094 mulosus,
335 1027 440 1082 tamin
455 1035 560 1082 trunco
571 1044 659 1099 quam
673 1026 704 1081 in
719 1027 808 1082 ramis
822 1027 990 1100 persistens.
1021 1025 1140 1083 Ramuli
1151 1025 1285 1100 juniores

181 1105 265 1180 apice
287 1106 429 1181 angulati.
471 1105 556 1163 Folia
583 1102 675 1182 23-5‘l
702 1106 797 1182 longa,
827 1102 907 1162 3-9“'
934 1105 1003 1174 lata,
1033 1124 1110 1181 saepe
1137 1107 1285 1181 pellucido

181 1194 331 1259 punctata,
361 1187 494 1244 acumine
522 1186 605 1243 tenui
633 1194 755 1243 curvato
783 1186 948 1243 terminata.
990 1186 1157 1244 Pedunculi
1190 1182 1285 1261 ll-till

182 1264 270 1340 longi,
287 1266 483 1342 subangnlati.
524 1265 668 1323 Pedicelli
687 1266 835 1323 obliterati
850 1265 1080 1324 vel'brevissimi
1095 1286 1124 1324 v.
1140 1267 1285 1341 usquead

180 1343 219 1402 3¹‘'
234 1347 322 1421 longi,
333 1365 449 1404 sursum
458 1346 605 1422 gradatim
615 1347 644 1402 in
655 1346 784 1422 calycem
795 1347 972 1404 desinentes,
994 1346 1156 1404 Alabastra
1166 1349 1285 1404 circiter

181 1423 219 1481 3‘''
231 1426 325 1502 longa.
352 1426 532 1503 Operculum
547 1423 642 1503 13-ss
654 1426 755 1484 latum.
778 1427 944 1484 Filumenta
956 1429 1119 1502 pertenuis,
1135 1428 1286 1486 exteriora

180 1503 259 1563 2-3‘l
273 1507 370 1582 longa.
407 1506 550 1565 Antherse
567 1503 643 1587 3-ng
658 1507 762 1582 longae.
799 1506 901 1583 Stylus
915 1525 998 1582 paene
1013 1505 1052 1564 2”’
1065 1509 1197 1577 metiens,
1214 1510 1286 1566 satis

180 1587 304 1656 validus,
318 1607 434 1645 sursum
448 1589 554 1646 leviter
571 1588 759 1645 incrassatus.
803 1586 917 1662 Stigma
938 1606 1113 1645 convexum.
1157 1589 1285 1646 Fructus

180 1686 262 1741 paene
277 1666 315 1725 3⁸¹
331 1668 420 1743 longi,
437 1668 584 1726 interdum
598 1667 661 1725 fere
675 1667 909 1741 hemisphaerici3
924 1686 1026 1742 margo
1040 1668 1144 1726 orificii
1159 1679 1285 1744 erectus,

180 1759 293 1818 acutus,
309 1749 388 1806 ultra
401 1750 543 1806 verticem
558 1748 684 1822 capsulae
698 1749 817 1822 planum
832 1748 1001 1822 productus.
1044 1747 1163 1807 Semina
1174 1749 1286 1806 sterilia

180 1828 394 1897 nitenti-fusca,
417 1830 449 1885 in
474 1829 620 1886 clavatam
641 1837 671 1885 et
691 1829 859 1886 rhombeam
880 1827 1004 1885 formam
1026 1829 1189 1903 vergentia,
1207 1826 1284 1906 ΗΜ

180 1908 277 1982 longa.

223 1989 342 2063 Species
364 1988 514 2046 simillima
533 2007 587 2066 per
608 1988 792 2045 Australiam
812 1987 928 2045 felicem
949 1995 979 2046 et
999 1988 1118 2046 Novam
1140 1989 1283 2064 Angliam

181 2069 326 2142 provenit,
345 2088 410 2143 quae
426 2069 530 2126 habitu
547 2076 578 2126 et
595 2069 705 2126 cortice
725 2087 784 2125 non
804 2067 912 2139 differt,
931 2069 1060 2126 ramulos
1079 2076 1176 2126 autem
1195 2070 1284 2128 habet

180 2167 256 2224 saepc
284 2149 540 2218 teretiusculoset
564 2150 720 2217 tenuiores,
747 2147 820 2206 folia
847 2148 1002 2205 chartacea
1025 2167 1117 2223 opaca
1137 2168 1196 2206 non
1215 2167 1284 2207 raro

180 2230 210 2284 in
231 2228 373 2287 falcatum
393 2229 518 2287 formam
539 2231 701 2304 vergentis,
716 2229 803 2286 flores
823 2229 918 2305 magis
932 2227 1103 2302 frequenter
1122 2229 1283 2303 panicnlos‚

179 2311 318 2367 antheras
329 2310 450 2385 fugaces
461 2318 622 2380 truncatas,
635 2310 743 2384 stigma
756 2309 899 2384 peltatum
913 2309 1101 2366 latitudinem
1112 2309 1183 2384 styli
1194 2310 1284 2385 duplo

177 2391 333 2459 excedens,
349 2391 464 2448 fructus
478 2409 528 2447 ore
541 2391 636 2465 magis
651 2397 825 2447 contractos.
868 2389 942 2446 Haec
964 2389 1077 2464 species
1091 2390 1170 2446 sistit
1184 2390 1281 2448 Euca-

178 2472 292 2547 lyptnm
313 2472 479 2546 piperitam,
503 2471 576 2544 Miq.
600 2469 691 2545 Stirp.
712 2469 793 2527 Nov.
813 2465 895 2527 Holl.
915 2472 963 2526 41.
1006 2469 1141 2544 Utraque
1161 2471 1281 2545 species,

178 2559 320 2626 quantum
342 2553 459 2621 scimus,
481 2570 536 2608 nec
557 2550 638 2626 alpes
652 2550 813 2608 Australiae
831 2568 885 2606 nec
901 2549 1091 2607 Tasmaniam
1112 2551 1222 2621 incolit,
1245 2551 1281 2608 E.

177 2632 370 2707 Leucoxylon
385 2641 415 2690 et
435 2632 471 2689 E.
487 2632 656 2689 viminalem
678 2631 821 2688 affinitate
842 2631 972 2705 attingit.
1014 2630 1169 2688 Ambabus
1189 2631 1280 2687 finiti-

178 2732 255 2769 mam
275 2712 459 2770 consideravi
475 2712 510 2768 E.
525 2711 771 2787 polyanthemam
789 2710 920 2770 Schauer
943 2711 973 2767 in
989 2709 1086 2785 Walp.
1106 2711 1228 2786 Repert.
1250 2712 1280 2769 ii.

178 2795 246 2863 924,
263 2794 292 2848 in
307 2793 399 2848 variis
413 2792 485 2849 locis
498 2792 660 2849 Australiae
674 2791 769 2848 felicis
784 2791 1012 2866 provenientem,
1031 2790 1110 2848 foliis
1121 2791 1281 2849 *latioribus

178 2891 254 2946 saepe
268 2871 637 2929 rhombeo-orbicularibus
648 2891 676 2929 v.
688 2872 747 2929 late
758 2872 855 2929 ovatis
865 2873 959 2947 primo
973 2872 1040 2929 visu
1055 2871 1173 2945 quidem
1187 2872 1280 2930 divel-

178 2953 304 3023 lendum,
319 2970 373 3009 nec
393 2952 510 3022 cortice,
529 2970 583 3010 nec
601 2952 750 3026 plerisque
766 2952 832 3008 aliis
849 2953 935 3023 notis,
955 2970 1010 3009 nec
1029 2952 1202 3026 glaucedine
1218 2960 1282 3010 tuto

180 3033 427 3107 distinguendam.

219 3114 255 3170 Ε.
271 3112 425 3187 populnea,
441 3112 476 3169 F.
488 3112 530 3167 M.
548 3112 578 3168 in
592 3112 732 3169 Proceed.
747 3111 834 3168 Linn.
850 3109 914 3169 Soc.
928 3111 969 3168 iii.
983 3115 1022 3170 93
1039 3109 1089 3184 (Ε.
1099 3110 1281 3186 populifolia‚

179 3193 276 3251 Hook.
298 3194 329 3250 in
350 3192 456 3250 Mitch.
479 3192 569 3267 Trop.
591 3191 696 3249 Austr.
718 3194 786 3263 204,
809 3191 890 3249 Icon.
912 3191 1008 3250 Plant.
1030 3191 1103 3267 879)
1125 3193 1195 3250 huic
1217 3193 1281 3251 sine

180 3275 269 3331 dubio
289 3274 375 3330 valde
394 3273 566 3350 propinqua.
610 3272 645 3329 E.
666 3272 808 3342 dealbata,
829 3270 868 3328 A.
885 3272 981 3330 Cunn.
996 3271 1027 3326 in
1043 3271 1139 3346 Walp.
1157 3271 1231 3347 Rep.
1251 3273 1281 3331 ii.

178 3358 238 3413 924
259 3354 309 3429 (E.
335 3354 445 3423 albens,
471 3353 544 3426 Miq.
570 3352 660 3428 Stirp.
685 3353 764 3409 Nov.
788 3352 869 3410 Holl.
893 3352 956 3425 42),
982 3370 1047 3425 quae
1069 3359 1198 3410 montem
1221 3353 1279 3410 Re·

178 3435 329 3492 markable
344 3443 374 3491 et
386 3435 510 3491 fiumina
523 3433 641 3490 Broken
651 3433 745 3490 River
759 3440 789 3491 et
804 3432 914 3508 Snowy
928 3432 1021 3490 River
1035 3450 1137 3489 versus
1151 3451 1206 3490 neo
1220 3452 1279 3492 non

179 3516 208 3572 in
230 3517 319 3573 Nova
339 3514 453 3589 Anglia
473 3514 602 3583 obvenit,
623 3514 708 3572 seriei
731 3513 990 3589 Rhytiphloiarum
1010 3513 1146 3588 pertinet,
1170 3514 1280 3573 cortice

178 3596 339 3671 pallidiore,
358 3595 437 3652 foliis
457 3593 617 3668 majoribus
638 3595 736 3669 opacis
756 3593 1011 3668 glaucescentibus
1025 3612 1055 3650 v.
1071 3593 1278 3651 cinerescenti-

178 3679 241 3745 bus,
251 3677 372 3733 floribus
382 3675 586 3748 fructibusque
597 3673 757 3749 majoribus
768 3681 798 3731 at
808 3673 945 3748 operculo
960 3673 1091 3748 longiore
1101 3681 1131 3731 et
1140 3675 1280 3746 acutiore,

178 3757 232 3814 vix
247 3764 345 3814 autem
358 3756 419 3813 ullo
433 3757 490 3812 alio
499 3756 584 3830 signo
595 3757 631 3811 ab
643 3755 678 3811 E.
690 3755 811 3812 odorata
821 3754 1050 3812 discriminatur.
1073 3753 1109 3810 E.
1120 3754 1278 3827 Behriana,

178 3837 337 3894 transitum
362 3836 447 3893 offert
464 3838 500 3893 ab
519 3837 556 3892 E.
575 3836 697 3893 odorata
715 3836 752 3892 ad
768 3835 804 3892 E.
825 3835 974 3909 gracilem,
995 3835 1042 3892 cui
1063 3835 1118 3891 vix
1140 3836 1227 3893 dubie
1242 3836 1278 3893 Ε.

179 3916 354 3974 fasciculosa
378 3917 577 3974 adscribenda.
621 3917 657 3974 E.
676 3915 858 3986 fasciculosa
882 3916 906 3973 si
928 3915 1019 3990 probe
1036 3933 1102 3972 cum
1121 3914 1156 3973 E.
1176 3916 1282 3989 gracili

178 3997 343 4072 conjuncta,
365 3997 441 4054 hanc
461 3997 586 4073 speciem
605 3997 636 4052 in
656 3996 759 4053 seriem
774 3996 1012 4070 Leiophloiarum
1031 3995 1132 4064 trahit,
1152 4003 1183 4052 et
1202 3995 1281 4052 inter

177 4097 227 4136 eas
242 4096 420 4153 congeneres
434 4079 519 4135 modo
532 4077 735 4145 fruteseentes,
751 4076 837 4134 modo
852 4079 1071 4135 arborescentes
1086 4075 1177 4150 ponit.
