2926 5062
712 530 747 584 13

541 685 687 744 Hibiscus
696 685 922 764 pentaphyllus.

224 788 317 850 Caulo
337 799 436 850 erecto
451 792 597 851 herbaceo
615 792 702 851 tereti
719 791 787 850 laevi
807 791 923 851 inferne
940 793 1058 869 hispido
1077 811 1202 869 superne
1217 795 1285 853 sub·

181 870 295 946 glabro,
310 871 403 948 soliis
419 873 554 930 omnibus
575 873 684 948 petiole
704 873 894 931 teretiusculo
915 873 1144 948 subaequilongis
1165 876 1285 932 5-raro·

183 950 311 1023 lucetis,
327 954 483 1029 segmentis
504 951 708 1011 subsessilibus
727 953 905 1011 lanceolutis
923 955 1044 1012 serratis
1064 973 1153 1029 supra
1172 954 1285 1030 glabris

182 1032 286 1088 subtus
310 1050 398 1107 parce
419 1033 544 1108 hispidis
568 1033 775 1110 eglandulosis,
801 1034 918 1111 stipulis
945 1032 1138 1110 longiusculis
1165 1034 1285 1093 lineari·

182 1112 326 1169 subulatis
341 1115 509 1187 patentibus
523 1114 649 1189 hispidis
663 1115 715 1171 diu
728 1114 963 1189 persistentibus,
984 1115 1158 1190 pedunculis
1179 1115 1284 1172 axilla·

180 1191 263 1248 ribus
277 1193 415 1250 solitariis
430 1195 567 1251 tenuibus
587 1194 697 1269 petiolo
710 1194 894 1268 longioribus
908 1195 1040 1252 unifloris
1055 1214 1143 1269 parce
1157 1195 1284 1269 hispidis

180 1272 267 1328 valde
282 1274 451 1347 patentibus
465 1275 520 1330 sub
534 1275 618 1348 apice
636 1275 812 1346 articulatis,
833 1275 989 1333 involucro
1005 1276 1157 1334 8-9-secto
1176 1284 1283 1352 puten-

181 1353 302 1424 tissimo,
326 1355 482 1430 segmentis
502 1355 627 1429 integris
646 1355 974 1432 compresso-subulcus
993 1357 1137 1430 patentim
1158 1355 1285 1430 hispidis

180 1432 311 1508 calycem
325 1435 413 1508 paulo
427 1435 643 1509 superantibus,
659 1435 768 1510 calycis
784 1437 920 1510 5-partiti
934 1436 1051 1492 laciniis
1065 1435 1283 1493 ovato-lanceo-

178 1512 247 1570 latis
262 1515 438 1571 acuminatis
449 1515 558 1572 ciliatis
573 1516 707 1572 5-nervis
721 1516 945 1590 immerginatis,
958 1516 1063 1591 petalis
1078 1516 1179 1591 calyce
1194 1516 1284 1590 duplo

179 1591 361 1667 longioribus
389 1594 451 1652 fere
479 1595 657 1669 aequilateris
685 1602 773 1653 extus
800 1597 957 1671 hispidulis
984 1596 1044 1652 ima
1071 1594 1136 1652 basi
1164 1595 1281 1666 ciliatis,

180 1673 316 1731 columna
339 1674 453 1733 inferne
481 1675 819 1751 glanduloso-puberula,
842 1676 1057 1734 filamentorum
1081 1682 1166 1750 parte
1190 1676 1284 1734 libera

180 1754 339 1827 saepissime
352 1756 503 1829 geminata
516 1756 669 1813 antheram
688 1757 873 1832 longitudine
886 1756 998 1832 pluries
1011 1756 1182 1827 excedente,
1197 1756 1284 1832 stylis

179 1851 268 1907 supra
292 1836 481 1909 stigmatosis,
510 1836 629 1911 capsula
657 1836 833 1911 subglobosa
859 1839 950 1895 breve
974 1836 1142 1894 acuminata
1165 1835 1284 1911 hispida

179 1913 280 2048 callyce
302 1914 446 1985 breviore,
467 1916 627 1973 seminibus
646 1917 677 1974 in
697 1917 792 1975 loculo
812 1919 871 1975 3-6
889 1935 978 1994 parce
994 1916 1190 1991 minutimque
1213 1917 1281 1974 stri·

178 2011 219 2068 gu
233 2012 299 2050 osis.

219 2073 271 2131 Ad
283 2074 430 2149 margines
440 2075 605 2131 rivulorum
615 2075 830 2150 fluviorumque
838 2094 897 2133 non
905 2095 974 2134 rara
981 2077 1012 2132 in
1021 2076 1179 2134 Arnhem’s
1187 2076 1282 2134 Laud.

219 2152 322 2212 Herba
336 2173 434 2212 annua
447 2155 646 2230 paucipedalis
661 2155 786 2230 simplex
800 2156 849 2213 vel
862 2174 984 2227 ramoso,
996 2164 1095 2213 erecta
1106 2157 1153 2214 vel
1165 2155 1281 2213 diffusa.

178 2233 264 2291 Folia
290 2235 430 2310 pleraque
457 2232 537 2292 2-3l'
564 2236 661 2310 longa.
717 2235 870 2293 Involucri
905 2243 1057 2312 segmenta
1088 2235 1282 2294 subuncialia.

177 2315 282 2372 Patala
304 2316 421 2390 oblique
443 2323 672 2373 ovato-cuneata
692 2315 774 2374 lutea
795 2316 925 2374 uncialia
949 2324 979 2373 et
1003 2315 1144 2390 longiora,
1167 2335 1227 2374 non
1250 2316 1281 2374 in

178 2396 318 2469 angulum
341 2398 522 2454 exteriorum
543 2403 628 2454 acute
650 2404 807 2472 protracta,
829 2397 921 2454 fundo
937 2397 1054 2454 macula
1073 2396 1141 2454 rufa
1154 2397 1280 2472 signata.

178 2474 323 2534 Columna
343 2477 407 2533 basi
424 2476 531 2546 albida,
552 2477 621 2534 inde
638 2495 704 2534 cum
721 2477 880 2535 filamentis
894 2495 987 2535 rosea.
1030 2477 1134 2534 Pollen
1149 2476 1280 2535 auranti-

176 2573 271 2691 pcum.
316 2555 394 2633 Styli
407 2575 474 2615 cum
489 2557 678 2634 stigmatibus
692 2558 906 2634 atropurpurei.
952 2555 1072 2616 Semina
1085 2557 1176 2634 nigra⁴
1185 2553 1281 2635 ll-2l'

188 2655 225 2693 on
249 2655 275 2694 a.

217 2655 268 2774 db
278 2717 401 2774 Hibisco
412 2718 526 2775 radiato
537 2717 575 2774 ad
585 2718 693 2776 flumen
701 2718 843 2776 Victoria
854 2717 977 2777 collecto
988 2719 1140 2794 distinguo
1155 2717 1282 2793 speciem

177 2797 260 2854 caule
272 2816 396 2872 superne
407 2798 482 2869 laevi,
493 2799 652 2872 segmentis
659 2797 797 2856 foliorum
808 2800 925 2856 omnino
935 2799 1098 2873 disjunctis,
1108 2797 1282 2873 pedunculis

176 2875 359 2951 longioribus
373 2876 452 2934 infra
466 2879 578 2952 apicem
599 2879 772 2949 articulatis,
793 2879 902 2955 calycis
923 2878 1040 2936 laciniis
1060 2897 1114 2938 nec
1127 2877 1281 2936 trinerviis

176 2974 231 3014 nec
245 2974 338 3015 nervo
350 2957 532 3033 marginatis,
549 2959 675 3033 capsulis
689 2966 720 3016 at
734 2959 893 3018 seminibus
907 2978 966 3016 non
980 2960 1100 3036 glabris.

584 3139 732 3198 Hibiacus
749 3140 868 3198 Sturtii.

479 3243 564 3295 Hook.
576 3245 604 3293 in
616 3243 709 3294 Mitch.
722 3243 800 3307 Trop.
811 3245 904 3294 Austr.
916 3249 972 3295 863.

122 3357 124 3361 ’
218 3336 438 3407 Suffruticosus‚
455 3344 571 3395 erectus
582 3336 630 3394 vel
644 3336 776 3406 diffusus,
791 3337 1038 3407 subtementosus,
1053 3333 1132 3393 foliis
1147 3335 1280 3392 cordato·

175 3418 346 3476 orbiculatis
361 3419 409 3476 vel
423 3418 519 3475 ovatis
530 3419 579 3475 vel
592 3416 831 3492 oblongo-oratis
845 3417 1014 3486 crenulatis,
1030 3416 1147 3492 stipulis
1161 3415 1280 3473 lineari·

176 3499 321 3556 subulatis
335 3498 443 3574 petiolo
457 3498 568 3574 pluries
587 3496 636 3556 vel
655 3498 805 3556 multoties
822 3498 1008 3555 brevioribus
1025 3497 1152 3567 caducis,
1167 3496 1279 3571 pedun-

71 3591 73 3595 '
177 3579 251 3636 culis
272 3579 446 3637 axillaribus
468 3579 607 3636 solitariis
626 3578 779 3636 involucro
798 3596 903 3653 parum
921 3578 970 3636 vel
989 3577 1078 3652 duplo
1097 3576 1281 3652 longioribus

176 3677 268 3733 prope
301 3661 413 3735 apicem
447 3659 620 3729 articulatis,
649 3658 804 3716 involucro
835 3656 1202 3734 campanulum-obcenae
1230 3656 1280 3715 vel

177 3739 329 3797 turbinato
347 3740 540 3818 inaequaliter
559 3738 753 3799 7-8-deatat0
774 3739 876 3814 calyce
890 3738 990 3815 paulo
1010 3737 1150 3809 breuiore,
1169 3736 1281 3815 calycis

175 3817 313 3877 dentibus
327 3819 396 3878 tubo
410 3821 502 3896 duplo
517 3818 699 3877 brevioribus
712 3819 1053 3889 deltoideolanceolatis
1068 3814 1173 3893 petalis
1187 3818 1280 3876 roseis

176 3906 264 3957 extus
292 3901 375 3974 apice
402 3900 580 3959 tomentellis
608 3900 671 3957 basi
703 3899 884 3958 imberbibus
918 3899 1120 3957 concoloribus
1149 3898 1280 3974 calycem

176 3979 466 4055 semisuperantibus,
487 3981 623 4039 columna
644 3978 755 4055 glabra,
773 3979 931 4036 filamentis
953 3978 1135 4036 fasciculatis
1154 3978 1280 4035 anthera

176 4060 287 4134 pluries
310 4060 499 4134 longioribus,
526 4060 646 4136 capsula
669 4060 770 4138 calyce
794 4067 932 4136 superata
954 4060 1130 4136 subglobosa
1158 4057 1278 4129 sericea,

175 4140 279 4197 loculis
293 4140 505 4214 oligospermis.

216 4220 267 4278 Ad
285 4221 407 4277 flumina
421 4219 603 4289 Mackenzie,
618 4218 781 4290 Burdekin,
799 4219 911 4291 Suttor‚
926 4219 1065 4287 Dawson,
1080 4216 1235 4294 Belyando
1248 4223 1280 4276 et

176 4297 303 4376 Darhng
312 4300 415 4370 River,
428 4300 459 4357 in
470 4301 563 4374 pratis
573 4299 703 4358 adPeak
711 4301 833 4373 Downs,
845 4319 936 4376 prope
945 4296 1134 4366 Tenterfield‚
1150 4297 1279 4372 alibique

176 4379 206 4436 in
222 4379 377 4438 Australis
390 4379 527 4437 orientali
542 4380 681 4439 calidiore
696 4381 843 4439 interiore.
