2926 5062
690 521 729 576 52

156 677 345 756 2-3‘l10ngi.
386 680 490 740 Valvae
508 679 599 754 juxta
621 680 765 738 verticem
787 678 903 737 fructus
925 681 998 737 sitae.
1043 677 1164 737 Semina
1186 696 1271 753 saepe

156 760 408 831 rhombeo-ovata,
425 761 585 836 angulosa3
607 761 720 818 sterilia
734 760 873 835 pallidius
887 758 979 829 fusca,
994 758 1144 821 fertilibus
1163 759 1271 834 spadi-

159 842 219 900 ceis
233 842 337 899 nitidis
351 843 459 899 lineam
473 841 593 899 circiter
606 840 798 899 metientibus
811 841 1005 915 utplurimum
1018 841 1143 898 minora.

199 922 235 980 E.
251 923 356 997 rigida,
374 921 452 980 Sieb.
469 921 562 978 Herb.
583 921 628 978 Fl.
650 921 729 978 Nov.
750 921 830 977 Holl.
850 920 918 990 473,
936 920 1060 979 sormam
1079 922 1116 979 E.
1137 921 1269 978 hamas·

157 1011 243 1059 temae
265 1003 396 1077 praebere
420 1002 549 1071 videtur,
569 1020 635 1076 quae
657 1002 746 1058 etiam
770 1002 956 1076 aliquetenus
981 1003 1019 1059 ad
1035 1002 1071 1059 E.
1093 1002 1271 1076 giganteam

158 1083 295 1151 aceedit3
316 1082 495 1152 discrimina,
511 1082 619 1156 quibus
633 1101 651 1139 a
665 1083 756 1156 stirpe
776 1100 864 1157 supra
882 1081 1057 1140 adumbrata
1070 1081 1177 1150 differt,
1195 1088 1271 1138 sunt

157 1162 230 1221 felia
244 1181 320 1238 saepe
334 1163 427 1237 magis
441 1170 536 1220 recte·
552 1181 581 1219 v.
596 1161 864 1220 ovate-lanceolata
879 1161 1006 1220 crassius
1020 1164 1161 1232 ceriacea,
1176 1162 1271 1219 fleres

158 1243 333 1317 fructusque
345 1243 501 1318 conspicue
512 1241 645 1317 majores,
655 1243 744 1299 tubus
755 1243 865 1319 calyeis
874 1242 1269 1318 campanulate-ebconicus,

158 1343 261 1398 margo
281 1323 404 1381 verticis
423 1322 539 1380 fructus
567 1323 648 1380 intus
676 1323 877 1391 descendens3
910 1331 1013 1380 cortex
1041 1342 1100 1380 nen
1128 1323 1271 1380 diversus

159 1411 291 1479 apparet.
334 1403 406 1460 Ieon
426 1402 463 1461 E.
482 1404 669 1474 obtusiflorae,
689 1403 784 1462 Oand.
807 1403 942 1461 Memoir.
966 1403 1076 1463 Gener.
1098 1404 1140 1461 ix.
1164 1405 1210 1471 10,
1234 1403 1270 1460 in

159 1485 271 1542 hancce
285 1483 321 1541 E.
336 1485 531 1541 haemastomae
541 1483 665 1541 formam
675 1502 734 1540 non
750 1484 825 1540 male
839 1485 974 1558 quadrat.
1016 1483 1052 1541 E.
1064 1483 1269 1559 eugenieides,

162 1563 241 1623 Sieb.
261 1565 293 1621 in
315 1563 439 1639 Spreng.
461 1582 523 1622 cur.
542 1572 641 1640 poster
666 1567 731 1633 195,
755 1563 848 1622 Herb.
866 1564 912 1622 Fl.
930 1565 1009 1622 Nov.
1028 1564 1109 1622 Holl.
1128 1562 1197 1634 479,
1219 1563 1271 1621 sl.

160 1645 251 1702 Mixt.
274 1647 342 1714 603,
369 1663 428 1701 non
452 1645 550 1702 minus
573 1645 616 1701 ad'
633 1644 711 1701 hanc
735 1646 862 1719 speciem
885 1646 1034 1720 pertinere
1057 1645 1184 1702 videtur.
1229 1643 1269 1702 E.

159 1726 333 1796 mierantha,
359 1725 453 1784 Cand.
482 1725 587 1783 Predr.
615 1725 658 1782 iii.
687 1724 755 1792 217,
784 1726 946 1782 secundum
974 1726 1121 1800 specimen
1151 1723 1271 1784 Sieberi

160 1825 282 1864 numere
296 1804 354 1865 497
370 1805 571 1875 distributum,
592 1805 623 1862 in
642 1805 779 1862 herbario
800 1806 905 1882 inclyti
921 1804 1035 1865 Sonder
1054 1813 1214 1875 servatum,
1237 1811 1271 1863 et

159 1888 233 1944 bene
252 1887 284 1943 in
303 1886 417 1944 iconem
438 1885 653 1961 promulgatam
675 1887 863 1955 conveniens,
884 1886 957 1943 mihi
972 1888 1009 1944 ab
1024 1887 1059 1943 E.
1075 1886 1272 1944 haemastoma

159 1986 218 2024 nen
229 1967 355 2023 multum
364 1967 475 2023 distare
484 1966 610 2035 videtur,
621 1967 756 2040 quamvis
768 1973 882 2023 tantum
893 1967 1013 2042 stirpem
1024 1967 1271 2042 alabastrigeram

159 2047 349 2114 examinavi3
371 2066 453 2105 venae
473 2046 609 2104 foliorum
629 2047 717 2122 paulo
735 2047 833 2104 minus
847 2048 1016 2122 divergunt,
1033 2066 1121 2121 quam
1136 2048 1166 2104 in
1181 2047 1269 2104 icone

161 2128 369 2188 Candelleana.
411 2127 521 2185 Planta
539 2127 671 2185 herbarii
688 2127 802 2186 Sieberi
816 2127 876 2188 476
891 2128 928 2185 ad
943 2128 979 2185 E.
994 2129 1217 2185 haemastomam
1235 2127 1270 2185 in

160 2208 253 2268 Cand.
263 2209 368 2265 Predr.
379 2208 470 2265 ducta
480 2209 577 2283 petius
588 2209 687 2265 verbis
698 2207 819 2266 Smithii
830 2209 866 2266 de
878 2209 913 2265 E.
924 2208 1094 2283 peniculata
1103 2207 1269 2282 respondit.

160 2290 242 2347 Huic
261 2297 359 2346 autem
378 2289 410 2345 in
428 2289 565 2346 herbario
584 2287 763 2357 Sieberiane,
783 2295 816 2344 ut
836 2296 919 2362 patet
933 2307 949 2346 e
964 2289 1137 2346 collectione
1153 2287 1268 2346 Sende·
1313 2353 1318 2362 Ι

159 2371 251 2440 rinna,
267 2369 440 2425 intermixta
453 2376 516 2425 erat
532 2369 566 2424 E.
583 2368 724 2442 pilularis,
741 2368 844 2439 Cand,
859 2388 923 2443 quae
938 2369 1045 2426 iterum
1060 2370 1113 2426 vix
1127 2368 1164 2425 ad
1182 2368 1268 2443 plan-

161 2457 222 2507 tam
246 2449 453 2524 homonymam
480 2446 609 2517 Smithii,
633 2448 685 2506 sed
710 2449 748 2506 ad
770 2447 806 2505 E.
826 2449 971 2524 salignam
995 2448 1094 2506 forsan
1122 2448 1270 2506 trahenda

163 2535 250 2587 esset.

539 2633 733 2712 Eucalyptus
747 2637 892 2694 conteneo.

160 2738 213 2787 All.
223 2737 307 2788 Cunn.
316 2735 344 2784 in
352 2735 438 2798 Walp.
448 2735 553 2798 Repert.
562 2736 620 2785 Bet.
631 2736 701 2800 Syst.
710 2737 737 2786 ii.
751 2742 797 2786 925
808 2757 814 2796 ;
832 2737 858 2787 J.
871 2737 956 2787 Hoek.
965 2737 1033 2786 Flor.
1043 2737 1165 2786 Tasman.
1174 2737 1191 2784 i.
1203 2741 1250 2786 136
1261 2757 1268 2797 ;

210 2803 240 2851 Ε.
256 2801 407 2864 pauciflora,
421 2800 488 2851 Sieb.
504 2801 532 2848 in
548 2800 657 2863 Spreng.
672 2817 726 2851 eur.
741 2808 839 2865 poster.
855 2807 917 2860 1953
940 2803 970 2851 Ε.
986 2802 1101 2864 piperita
1109 2816 1164 2851 var.
1177 2802 1270 2864 pauci·

210 2868 283 2924 flora,
297 2866 378 2916 Cand.
394 2866 481 2928 prodr.
496 2865 534 2914 iii.
550 2871 614 2924 219;
637 2866 667 2915 Ε.
684 2867 879 2929 phlebephylla,
896 2867 925 2915 F.
939 2867 975 2915 M.
988 2867 1016 2915 in
1029 2867 1092 2927 Miq.
1108 2865 1190 2929 Stirp,
1200 2865 1268 2917 Nev.

210 2931 278 2981 Hell.
287 2936 335 2989 443
352 2931 383 2981 Ε.
395 2931 656 2993 submultiplinervis,
668 2931 732 2993 Miq.
743 2932 760 2980 l.
772 2947 793 2981 c
805 2938 843 2981 42.
879 2931 959 2993 (Seet.
968 2932 1150 2994 Leiophloiae.)

202 3024 346 3093 Arborea,
358 3021 449 3097 foliis
469 3021 592 3080 alternis
612 3023 726 3080 modice
747 3023 894 3098 petiolatis
910 3022 1049 3081 coriaceis
1064 3022 1269 3081 conceleribus

162 3105 325 3163 nitentibus
340 3103 496 3178 angustius
510 3104 637 3161 latiusve
651 3103 825 3161 lanceolatis
839 3104 946 3162 leniter
954 3123 983 3161 v.
993 3103 1124 3162 falcatim
1135 3104 1270 3161 curvatis

163 3184 428 3262 lenpitudineliter
438 3204 464 3241 o.
472 3184 571 3260 paule
577 3187 727 3261 petentim
735 3186 851 3242 veneris
863 3183 929 3242 tasi
939 3187 1036 3242 acutis
1047 3184 1131 3258 apice
1140 3185 1270 3242 acutatis

163 3287 191 3325 V.
220 3265 404 3335 acuminatis,
428 3282 505 3322 vena
531 3266 716 3339 peripherica
738 3265 864 3340 margini
890 3266 1103 3340 approximate,
1132 3264 1270 3323 umbellis

131 3365 135 3371 ·
165 3346 340 3405 axillaribus
363 3344 503 3402 solitariis
525 3364 554 3401 v.
578 3345 609 3401 in
631 3363 779 3403 racemum
807 3346 957 3420 dispesitis
980 3346 1033 3402 tri·
1058 3365 1086 3402 v.
1109 3345 1269 3420 plurifieris

163 3427 261 3484 rarius
275 3425 442 3482 multifloris
461 3423 592 3481 breviter
613 3427 710 3483 rarius
726 3427 910 3501 longiuscule
927 3426 1141 3501 pedunculatis,
1160 3425 1271 3500 calyeis

165 3507 236 3564 tube
258 3505 563 3562 obconiee-turbinato
585 3505 617 3562 in
638 3507 814 3581 pedicellum
836 3508 957 3565 brevem
979 3525 1168 3581 crassumque
1192 3513 1268 3563 atte-

167 3595 257 3644 nuate
276 3585 331 3642 vix
351 3585 492 3659 angulate
510 3584 725 3659 longitudinem
747 3588 878 3663 operculi
900 3586 1271 3662 depresso-hemisphaerici

167 3666 323 3742 aliquoties
337 3672 493 3738 superante
507 3664 639 3740 ejusdem
651 3667 840 3726 latitudinem
854 3668 941 3743 paule
955 3669 1126 3738 excedente,
1138 3667 1271 3724 antheris

168 3744 518 3817 cordato-reuisermibus,
535 3746 681 3805 fructibus
700 3755 850 3806 truncato·
866 3769 895 3806 v.
910 3749 1094 3806 semi-ovatis
1108 3748 1162 3804 tri·
1176 3765 1270 3821 usque

167 3825 455 3904 quinque-loculatis,
477 3828 611 3902 margine
630 3829 751 3887 verticis
773 3829 965 3904 planiusculo,
986 3829 1083 3887 valvis
1102 3829 1223 3886 inclusis
1241 3847 1271 3886 v.

168 3909 257 3984 paulo
271 3906 397 3965 exsertis
412 3907 552 3965 brevibus
566 3909 729 3978 deltoideis‚
746 3910 905 3967 seminibus
920 3911 1039 3985 apteris.

209 3989 245 4045 In
260 3987 345 4044 silvis
359 3989 520 4062 praesertim
528 3990 674 4046 montanis
684 3989 871 4064 paludosisve
880 3990 974 4048 Novae
986 3988 1271 4060 Austro-Cambriae,

170 4069 330 4127 Australiae
352 4067 448 4125 felicis
470 4077 500 4126 et
522 4070 695 4137 Tasmaniee,
719 4069 751 4125 in
773 4069 853 4145 alpes
877 4070 966 4128 altius
987 4090 1076 4145 quam
1092 4088 1273 4144 congeneres

168 4150 358 4219 adscendens,
371 4150 422 4207 ubi
431 4150 554 4207 silvulas
563 4150 636 4206 satis
644 4158 783 4207 extensas
793 4151 871 4208 inter
885 4152 1071 4209 altitudinem
1082 4150 1274 4208 4000-5000'

171 4231 315 4289 efformet.

211 4311 310 4368 Arbor
319 4308 507 4367 altitudinem
518 4309 566 4366 80'
576 4309 714 4381 attinens,
731 4313 749 4342 “
759 4310 859 4369 White
869 4309 1044 4372 Gum·tree’'
1055 4319 1085 4370 et
1100 4315 1118 4342 ‘⁴
1126 4311 1275 4388 Weeping

173 4388 349 4449 (ium-tree'
370 4389 621 4460 Tasmanieerum,
646 4390 826 4448 “Meuntain
843 4393 944 4451 White
960 4390 1135 4451 Gum·tree''
1157 4393 1274 4450 celone·

31 4484 166 4744 X
