2926 5062
707 485 745 539 58

176 640 308 716 margine
332 642 391 699 oris
413 641 504 713 tenui,
534 642 631 700 valvis
654 641 773 699 omnino
797 641 920 700 inclusis
947 641 1096 712 brevibus,
1118 640 1293 699 seminibus
1359 682 1363 687 -

151 722 294 797 apteris.

215 802 253 859 In
276 802 456 877 planitiebus
478 801 782 877 arenoso-argillaceis
802 821 831 859 v.
854 802 994 877 lapidosis
1018 802 1128 859 deserti
1147 820 1166 859 a
1188 801 1291 859 fluvio

175 882 300 959 Murray
319 902 412 957 usque
429 884 466 941 ad
485 884 594 941 flumen
617 883 799 953 Murchison,
820 884 1007 958 conspicuam
1026 890 1141 957 partem
1164 882 1290 958 virgul-

175 970 274 1020 torum
288 964 479 1021 constituens.

216 1042 330 1101 Frutex
345 1045 435 1100 varias
450 1042 624 1114 altitudinis,
640 1044 677 1101 ad
691 1043 924 1117 magnitudinem
942 1042 1055 1100 arboris
1071 1041 1197 1100 minoris
1211 1060 1287 1101 ena·

175 1141 269 1181 scens.
313 1123 425 1182 Cortex
449 1141 596 1180 ramorum
618 1132 649 1180 et
673 1124 772 1181 trunci
789 1122 918 1197 junioris
939 1124 1030 1192 laevis,
1056 1124 1155 1180 trunci
1180 1130 1287 1180 autem

175 1205 287 1261 vetusti
300 1221 427 1278 rugosus
441 1212 471 1260 et
486 1204 690 1274 semilibrosus,
709 1204 852 1274 cinerem,
875 1203 926 1260 diu
946 1205 1116 1279 persistens.
1157 1203 1286 1260 Remuli

175 1284 309 1358 gracilae,
324 1283 508 1358 frequentius
521 1284 713 1353 teretiusculi
729 1303 815 1358 quam
831 1283 974 1359 angulati.
997 1283 1083 1341 Folia
1090 1279 1170 1340 2-4m
1182 1282 1285 1358 longa,

176 1359 256 1420 4-8‘l
283 1362 352 1434 lata,
381 1365 476 1421 rarius
504 1363 623 1439 majora,
654 1365 764 1421 sensim
790 1364 822 1420 in
850 1382 973 1421 acumen
1001 1382 1077 1438 saepe
1106 1363 1287 1421 uncinatum

177 1450 304 1515 acutata,
319 1444 385 1518 plus
399 1445 535 1501 minusve
549 1445 731 1519 pellucenter
749 1453 900 1519 punctata,
919 1445 970 1501 sed
991 1444 1059 1501 dum
1079 1443 1152 1501 folia
1169 1445 1287 1518 passim

176 1525 423 1582 crasso-coriacea
444 1525 583 1593 evadunt,
604 1525 723 1582 omnino
741 1523 939 1600 imperforata.
982 1523 1146 1582 Pedunculi
1161 1542 1285 1581 semun-

175 1604 265 1662 ciales
288 1625 316 1661 v.
342 1605 502 1677 breviores,
530 1605 626 1662 rarius
655 1604 810 1680 longiores.
852 1604 995 1662 Pedicelli
1023 1623 1099 1680 saepe
1125 1600 1161 1661 1'“
1186 1604 1284 1679 longi,

176 1685 324 1746 interdum
338 1685 495 1743 obliterati.
538 1685 657 1761 Calycis
671 1686 760 1742 tubus
776 1681 982 1760 2-3‘l10ngus.
1026 1684 1207 1760 Operculum
1222 1685 1285 1742 cir·

176 1765 251 1823 citer
268 1762 304 1823 l‘'‘
319 1765 419 1834 altum,
439 1762 536 1843 13-ss
555 1766 657 1836 latum,
672 1765 846 1822 coriaceum.
888 1765 1055 1823 Filameuta
1074 1765 1283 1834 crassiuscula

176 1845 282 1916 albida,
303 1844 608 1920 exsiccatione'paulo
625 1846 822 1915 flavescentia,
842 1847 991 1904 exteriora
1007 1846 1044 1902 ad
1061 1845 1284 1920 longitudinem

177 1922 255 1983 2-3‘'
276 1932 409 1983 extensa.
450 1926 594 1984 Antherae
615 1925 740 2000 pallidae,
763 1923 839 2002 Hm
859 1927 963 2000 longae,
982 1928 1018 1983 ab
1036 1933 1124 1983 ovata
1138 1924 1236 1982 forma
1249 1925 1285 1982 in

175 2007 333 2081 globosam,
359 2006 531 2081 quadratam
553 2013 583 2064 et
606 2014 761 2064 cuneatam
785 2007 852 2083 plus
874 2007 1010 2064 minusve
1032 2013 1197 2080 vergentes,
1217 2014 1285 2064 tota

175 2086 360 2162 longitudine
379 2087 517 2164 utrinque
540 2087 733 2144 dehiscentes.
778 2085 879 2163 Stylus
902 2086 1096 2144 crassiuscule
1119 2085 1281 2157 filiformis,

178 2163 213 2223 1‘'‘
241 2167 295 2224 vix
322 2167 478 2224 excedens.
522 2166 649 2224 Fructus
672 2163 772 2242 23—4m
795 2167 884 2242 longi,
909 2185 960 2224 ore
985 2167 1093 2224 leviter
1121 2167 1281 2225 contracti.

177 2245 296 2306 Semina
315 2248 428 2304 sterilia
447 2246 508 2304 fere
528 2246 726 2317 rhomboidea,
742 2248 859 2304 clavata
872 2268 901 2304 v.
917 2248 1070 2316 deltoidea,
1089 2243 1166 2324 ff*
1179 2246 1282 2322 longa,

174 2325 259 2385 fusca
278 2328 327 2385 vel
348 2327 448 2394 fulva3
476 2325 586 2383 fertilia
607 2328 758 2396 subovata,
779 2328 865 2385 dorso
882 2346 1024 2399 convexa,
1048 2328 1164 2385 sordide
1184 2327 1283 2400 fusca,

175 2407 293 2464 demum
306 2407 512 2482 nigrescentia,
528 2406 647 2463 circiter
661 2404 810 2482 2¹¹¹10nga.

218 2485 337 2561 Species
351 2486 494 2544 affinitate
511 2486 589 2543 inter
602 2487 639 2544 E.
654 2487 871 2562 amygdalinam
885 2496 915 2545 et
929 2487 966 2546 E.
982 2488 1123 2563 gracilem
1137 2487 1282 2547 trahitur.

175 2566 326 2624 Nomades
340 2585 356 2624 e
370 2574 477 2623 trunco
491 2567 592 2643 stirpis
605 2565 734 2640 junioris
754 2568 855 2626 hastas
872 2576 987 2644 parant.
1029 2569 1064 2625 E.
1081 2568 1282 2644 amygdalina,

177 2645 317 2718 Schauer‚
334 2647 364 2703 in
378 2646 481 2704 Lehm.
497 2647 536 2721 pl.
548 2647 658 2705 Preiss.
670 2648 689 2703 i.
705 2650 770 2719 130,
785 2649 855 2705 huic
870 2649 978 2724 speciei
993 2666 1124 2724 congrua
1138 2655 1282 2723 apparet3

175 2727 352 2803 homonyma
368 2727 473 2784 saltem
493 2727 594 2802 planta
608 2727 791 2786 Billardierii
811 2730 890 2786 inter
909 2747 1080 2786 numerosas
1094 2729 1281 2805 Eucalyptos

174 2807 337 2865 Australiae
361 2807 551 2865 occidentalis
570 2809 600 2864 in
622 2815 723 2865 nostra
743 2809 915 2867 collectione
936 2816 1068 2867 servatas
1090 2829 1149 2867 non
1169 2817 1281 2868 exstat.

177 2886 297 2964 Species
319 2888 453 2958 finitima,
473 2888 531 2945 nisi
550 2887 626 2946 forte
641 2888 769 2946 varietas
783 2897 870 2947 aetate
884 2890 1035 2965 producta,
1051 2890 1140 2946 altius
1154 2888 1282 2948 arborea

174 2968 297 3027 obvenit
324 2969 355 3025 in
374 2968 529 3026 Australia
550 2969 734 3041 occidentali,
756 2970 806 3026 ubi
834 2971 952 3028 nomine
975 2970 1142 3028 “Yandee''
1166 2971 1282 3029 nativis

175 3050 320 3125 signatur.
361 3049 439 3118 Haec
454 3050 600 3125 praecipue
619 3069 654 3107 eo
673 3050 810 3125 divergit,
826 3051 905 3124 quod
923 3069 1001 3108 vena
1016 3049 1153 3108 foliorum
1167 3051 1281 3126 margi·

173 3131 251 3188 nalis
267 3130 355 3204 longe
372 3148 390 3187 a
405 3130 591 3205 peripherica
609 3131 706 3198 distet,
728 3137 757 3187 et
777 3148 859 3187 venae
880 3130 1016 3189 laterales
1032 3131 1130 3187 minus
1147 3138 1279 3205 pateant.

175 3210 288 3269 Cortex
308 3218 458 3286 praeterea,
482 3212 642 3268 secundum
665 3211 819 3285 indagines
839 3210 998 3282 Oldfieldii,
1020 3212 1165 3286 nigrescit
1184 3218 1214 3268 et
1234 3210 1278 3270 fa·

175 3291 291 3350 sciatim
311 3291 395 3348 tarde
414 3291 534 3348 secedit.
576 3291 650 3347 Haec
669 3292 755 3347 arbor
776 3298 881 3348 trunco
899 3300 981 3348 recto
994 3292 1104 3366 gaudet
1119 3298 1148 3349 et
1162 3292 1200 3348 ad
1214 3309 1278 3349 sec-

174 3372 284 3429 tionem
308 3370 577 3446 Pachyphloiarum
605 3370 718 3440 melius,
747 3389 834 3445 quam
864 3372 901 3429 ad
929 3390 993 3429 eam
1019 3371 1279 3447 Hemiphloiarum

173 3451 329 3510 referenda
348 3457 402 3508 est.
445 3447 511 3520 Quo
532 3450 618 3515 modo
633 3451 684 3507 illa
698 3451 792 3520 arbor,
808 3471 872 3529 quae
887 3453 998 3509 colonis
1013 3452 1175 3509 Australiae
1197 3453 1276 3510 occi·

173 3531 300 3590 dentalis
313 3529 431 3587 nomine
446 3533 464 3562 “
474 3529 558 3587 York
571 3528 744 3589 Gum-tree''
758 3538 836 3603 nota,
852 3534 888 3590 ab
903 3532 938 3588 E.
948 3531 1154 3590 fruticetorum
1169 3533 1276 3590 distin·

176 3618 293 3687 guntur,
320 3628 336 3667 e
364 3609 573 3685 speciminibus
595 3609 752 3669 Oldfieldio
780 3613 885 3670 oblatis
906 3631 965 3670 non
993 3613 1072 3671 clare
1092 3613 1198 3671 elucet.
1241 3612 1280 3671 Ε.

174 3691 366 3766 largiflorens,
381 3689 415 3746 F.
431 3689 475 3747 M.
490 3690 521 3746 in
541 3691 696 3749 Transact.
710 3691 792 3750 Vict.
807 3692 907 3751 Instit.
923 3694 942 3751 i.
958 3694 996 3750 34
1012 3691 1062 3769 (Ε.
1077 3693 1276 3766 haemastoma,

173 3770 249 3845 Miq.
269 3768 361 3844 Stirp.
375 3769 454 3827 Nov.
469 3770 550 3827 Holl.
567 3772 606 3828 34
620 3790 679 3828 non
695 3769 771 3847 Sm.)
786 3773 902 3831 deserto
923 3781 1008 3832 terrae
1027 3774 1165 3831 australis
1185 3792 1277 3848 pecu·

173 3851 256 3909 liaris
276 3856 330 3921 est,
351 3868 406 3908 nee
420 3850 587 3908 Tasmaniae
606 3851 764 3927 indigena;
784 3854 847 3910 haec
868 3854 945 3911 sicut
959 3855 995 3911 E.
1010 3853 1160 3911 Behriana
1174 3854 1278 3912 affines

173 3937 243 3989 sunt
257 3931 293 3989 Ε.
307 3929 521 4002 fruticetorum,
542 3931 594 3989 sed
616 3933 756 3990 ulteriore
774 3934 979 3993 observatione
999 3940 1029 3993 et
1048 3934 1277 3993 distinctionum

174 4011 359 4088 expositione
373 4016 471 4086 egent.

216 4093 262 4151 De
282 4092 416 4150 omnibus
432 4091 478 4148 his
498 4082 651 4168 speciebus
670 4092 701 4149 in
721 4096 932 4170 monographia
948 4096 1065 4171 generis
1078 4114 1149 4152 mox
1163 4094 1280 4153 edendo

176 4181 206 4232 et
220 4173 355 4231 iconibus
369 4172 499 4229 omnium
514 4172 676 4247 specierum
691 4174 748 4230 rite
763 4175 947 4249 cognitarum
962 4175 1138 4233 illustranda
1152 4175 1280 4234 ulterius

177 4273 271 4328 agam.
