2926 5062
765 543 784 599 2

226 697 381 754 nodiorum
395 698 524 773 plurium
539 717 556 756 a
572 698 731 757 Hihbertia
745 700 848 757 stricta
862 701 982 758 recedit.
1025 702 1185 776 Nunquam
1200 702 1277 759 enirn
1293 702 1323 757 in

226 775 314 850 hujus
328 778 429 835 formis
444 780 606 836 innumeris
621 780 749 854 vestigia
764 781 1003 838 staminodiorum
1019 803 1036 839 a
1050 784 1224 839 staminibus
1239 784 1323 837 dissi-

225 863 322 913 torum
338 860 448 916 inveni.
472 858 547 917 Cum
557 860 716 917 Hibhertia
730 861 938 937 trachyphylla
951 880 1003 936 per
1014 862 1122 919 formas
1136 862 1324 919 intermedias

225 939 346 994 confluit
366 939 581 996 Hamistemma
602 939 810 1014 asperifolium.
851 941 995 998 Antherae
1017 942 1078 999 fere
1097 944 1226 999 omnium
1246 942 1322 997 Hib-

224 1017 385 1074 bertiarum
404 1038 468 1076 meo
488 1035 575 1075 sensu
592 1020 764 1076 coalitarum
778 1039 882 1094 nempe
897 1021 987 1077 etiam
1001 1040 1100 1078 omnes
1115 1024 1320 1089 Pleurandras‚

225 1095 407 1169 Candolleas,
424 1099 610 1170 Adrasteam,
633 1099 860 1174 Hemistephum
877 1108 907 1156 et
928 1100 1173 1159 Hemistemmata
1192 1121 1321 1176 compre-

223 1176 423 1247 hendentium,
449 1187 517 1235 sunt
540 1198 593 1236 sua
614 1179 797 1252 longitudine
819 1181 885 1254 plus
907 1181 1004 1236 minus
1027 1169 1219 1255 angustioies.
1265 1181 1323 1239 Sed

224 1255 382 1314 Hibhertia
391 1260 526 1329 stellaris,
539 1278 625 1332 quam
635 1261 671 1315 ad
682 1260 790 1316 flumen
801 1260 975 1317 Murchison
987 1261 1114 1334 alibique
1126 1264 1155 1316 in
1167 1262 1323 1317 Australia

223 1338 399 1394 occidentali
413 1339 564 1396 collectam
578 1340 721 1416 possideo,
733 1341 843 1413 gaudet
854 1359 888 1396 ca
899 1341 1008 1414 insigni
1019 1350 1096 1408 nota,
1109 1344 1186 1414 quod
1198 1342 1322 1398 latitudo

222 1417 411 1474 antherarum
426 1420 641 1493 longitudinem
655 1419 741 1493 paulo
756 1421 888 1477 excedat.
912 1420 1076 1477 Hibbertiae
1091 1423 1209 1496 spicatae
1221 1421 1321 1496 procul

224 1497 312 1553 dubio
327 1498 421 1555 affinis
441 1508 486 1556 est
500 1499 713 1573 Hemistephus
733 1500 870 1566 linearis3
892 1508 925 1556 ut
940 1507 1038 1558 autem
1057 1501 1141 1575 cujus
1163 1501 1323 1575 specimina

222 1577 399 1651 adipiscerer
412 1579 486 1636 mihi
500 1580 650 1653 hucusque
665 1598 723 1636 non
738 1580 871 1655 contigit.

658 1770 882 1829 Carrnarnnm.

677 1876 863 1952 Emblinqiu.

261 1981 363 2039 Flores
378 1982 575 2057 asymmetrici
590 1981 830 2056 hermaphroditi.
877 1980 974 2056 Cotye
987 1979 1197 2057 monophyllus
1206 1983 1319 2056 111111-

221 2072 284 2119 tens
311 2061 426 2137 5-fidus
455 2061 718 2136 longitudinaliter
745 2063 843 2118 1111111
860 2061 968 2137 fissae,
997 2062 1111 2118 laciniis
1135 2062 1319 2118 aestivatione

220 2141 357 2199 valvatis.
398 2140 518 2199 Corolia
533 2141 730 2218 calceiformis
744 2161 760 2198 e
774 2142 880 2216 petalis
894 2143 1006 2198 duobus
1021 2142 1155 2198 connatis
1170 2148 1315 2198 constans.

185 2273 211 2297 ,,
227 2222 325 2279 Torua
345 2222 687 2279 111111111111-111111111
706 2223 846 2278 incurvus
867 2222 961 2297 calyci
978 2228 1007 2277 et
1028 2222 1142 2278 corollae
1158 2223 1317 2295 oppositus,

220 2301 284 2360 basi
299 2303 330 2358 in
344 2302 514 2376 glandulam
528 2301 748 2358 nectari-feram
763 2309 886 2371 11111111,
908 2301 1110 2377 appendicula
1133 2301 1318 2357 subrotunda

220 2382 492 2440 111111111111114-
507 2402 534 2438 1.
551 2381 850 2457 51111111111111111.
896 2378 1028 2438 Stamina
1047 2383 1074 2448 4,
1094 2381 1221 2454 margini
1236 2388 1317 2437 ante-

220 2464 292 2520 riori
307 2463 476 2538 appendicis
491 2462 548 2518 11111
562 2461 660 2532 affixa,
682 2462 780 2517 omnia
798 2460 908 2517 fertilia
926 2461 1026 2518 libera.
1070 2461 1238 2517 Filomento
1253 2461 1316 2517 bre-

220 2546 342 2601 uissima
358 2543 502 2599 subulata.
543 2542 686 2599 Antherae
706 2542 854 2598 subovatae
873 2540 1047 2598 hilooulares
1061 2542 1200 2611 basifixae,
1215 2542 1319 2597 loculis

220 2624 361 2698 appositis
375 2622 628 2697 longitudinaliter
643 2623 802 2678 introrsum
817 2621 1043 2678 dehiscentibus.
1065 2621 1169 2678 Pollen
1184 2621 1318 2695 globoso·

219 2705 408 2762 tetraedrum.
456 2701 584 2759 German
607 2700 869 2776 uaiqcmmalatam
896 2701 1077 2759 uniloculare
1099 2703 1130 2758 in
1154 2703 1237 2776 apice
1261 2703 1318 2757 tori

219 2784 329 2854 sessile,
342 2784 500 2859 appendice
511 2781 642 2856 ejusdem
653 2782 902 2856 semiamplexum,
916 2783 1012 2838 antice
1022 2782 1318 2839 carinato-bialatum.

217 2863 337 2938 Ι81111111
364 2865 443 2920 inter
470 2863 530 2919 alas
558 2863 699 2937 germinis
727 2863 827 2919 sessile
855 2862 1026 2936 depressum
1054 2863 1207 2919 torminale
1232 2870 1318 2919 aetate

221 2944 350 3002 laterale.
393 2943 496 3000 Bacca
518 2943 664 3017 drupaeea
682 2961 810 2999 exsucca
826 2962 862 2999 11
880 2944 966 3019 apice
985 2944 1044 2999 tori
1060 2945 1197 3019 pendens
1216 2950 1317 2999 ovato·

221 3024 343 3100 globosa
353 3024 459 3081 leniter
470 3041 643 3098 compressa.
665 3023 868 3098 Pericarpium
882 3031 980 3081 tenue.
1010 3022 1116 3082 Semen
1127 3041 1181 3097 ope
1192 3022 1318 3079 funiculi

220 3123 310 3180 prope
323 3105 407 3162 basin
420 3104 509 3161 loculi
524 3104 652 3174 affixum,
668 3103 732 3161 basi
746 3103 778 3159 in
792 3105 909 3162 dentem
923 3105 1108 3179 productum.
1150 3103 1318 3161 Umbilicus

219 3185 359 3243 lateralis.
402 3185 493 3242 Testa
507 3185 747 3242 duro-crustacea
768 3203 1001 3258 aspero-rugosa.
1043 3183 1193 3239 Albumen
1207 3184 1317 3256 parois-

221 3267 336 3323 simum.
377 3265 528 3340 Embryon
543 3265 722 3338 cndopleura
734 3265 920 3320 membranea
934 3263 1078 3320 inclusum
1096 3262 1315 3334 conduplicato-

220 3345 396 3403 involutum.
439 3344 635 3419 Cotyledones
657 3345 900 3416 plano-convexae
924 3341 1079 3416 praelongae
1106 3342 1317 3399 incumbentes.

220 3425 366 3484 Radicula
378 3425 477 3481 brevis
492 3423 679 3498 cylindracea
692 3423 729 3478 ad
741 3422 825 3479 basin
839 3422 986 3496 carpicam
999 3427 1141 3496 spectans.

261 3506 376 3562 Frutex
403 3504 563 3560 Australiae
591 3502 782 3560 occidentalis
809 3509 972 3577 prostratus
1000 3503 1140 3575 quasdam
1171 3498 1317 3557 Scaevolae

222 3585 370 3653 aemulans,
393 3584 514 3640 ramulis
532 3583 696 3658 hispidulis‚
712 3581 802 3659 foliis
820 3584 962 3659 oppositis
978 3581 1129 3641 herbaceis
1148 3581 1318 3637 lanceolatis

221 3665 415 3736 seaberrimis,
430 3663 569 3721 aculeolis
584 3663 773 3739 stipularibus
787 3663 908 3720 minutis
919 3683 948 3720 v.
960 3661 1130 3732 obliteratis,
1145 3661 1319 3735 pedunculis

221 3747 360 3804 brevibus
375 3743 549 3802 axillaribus
568 3744 707 3801 solitariis
726 3743 868 3814 unifloris,
884 3742 1001 3799 corollis
1014 3742 1115 3817 parvis
1129 3741 1317 3799 aurantiaois.

262 3825 366 3885 Genus
380 3825 542 3883 certissime
557 3823 781 3899 Capparideum,
797 3823 853 3881 etsi
867 3823 941 3880 nulli
956 3823 1132 3888 ordinisaut
1146 3820 1251 3878 habitu
1266 3832 1317 3878 aut

221 3913 371 3964 structura
398 3923 573 3980 organorum
602 3905 697 3979 affine,
727 3903 968 3979 Gynandropsidi
995 3909 1115 3977 propter
1143 3902 1316 3977 genitalium

220 3986 394 4062 positionem
415 3984 502 4060 paulo
524 3976 673 4050 accedens,
700 3983 799 4041 fructu
820 4001 1023 4057 monospermo
1043 3982 1081 4038 ad
1104 3982 1315 4057 Apophyllum,

220 4066 358 4124 Rosciam
372 4072 402 4123 et
417 4065 640 4139 Atamisqueam
655 4065 870 4140 approximans,
882 4063 1032 4120 nominavi
1045 4063 1077 4118 in
1090 4063 1231 4119 honorem
1245 4061 1316 4120 clar.

220 4148 275 4205 Dr.
290 4146 412 4203 Thomas
430 4143 579 4219 Embling,
598 4153 715 4202 senatus
732 4145 852 4202 coloniae
866 4144 1008 4200 Victoriae
1026 4144 1156 4211 membri,
1172 4143 1223 4216 qui
1238 4161 1315 4198 sum·

219 4247 268 4285 mo
289 4245 355 4284 cum
374 4228 478 4283 ardore
498 4225 746 4282 introductionem
764 4224 933 4281 animalium
954 4224 1180 4299 plantarumque
1198 4222 1316 4278 utilium

220 4310 252 4367 in
281 4314 410 4364 nostram
432 4306 576 4364 coloniam
600 4306 756 4380 promovit,
780 4305 853 4362 alias
875 4304 963 4361 etiam
988 4323 1035 4362 res
1060 4303 1162 4361 salutis
1190 4302 1315 4378 publicae

220 4406 335 4464 semper
347 4387 403 4445 hae
418 4387 449 4443 in
463 4387 585 4445 civitate
599 4386 736 4444 alacriter
750 4384 833 4442 fovit.
