2926 5062
696 481 735 540 62

167 639 321 699 flliformis.
371 639 486 715 Stigma
507 642 587 717 haud
610 641 773 700 dilatatum.
821 641 949 700 Fructus
976 636 1057 699 3-5‘'
1077 639 1176 718 longi,
1204 637 1287 699 3-6'

167 721 229 793 lati,
253 723 342 779 costis
366 722 456 779 nullis
476 723 600 797 praediti,
624 723 656 779 in
675 722 852 799 pedicellum
874 741 932 779 non
955 722 1111 791 attenuati,
1139 719 1198 780 sed
1219 721 1284 780 basi

166 803 445 860 rotundato-obtusi.
489 802 593 860 Valvas
617 802 731 873 breves,
752 804 895 859 verticem
918 801 1046 876 capsulae
1065 801 1195 877 planum
1220 801 1281 860 for·

166 892 298 949 mantcs;
327 884 357 939 in
379 883 590 959 speciminibus
608 882 769 940 Australiae
790 882 885 940 lelicis
904 882 966 940 vidi
985 881 1047 940 fere
1066 900 1189 958 semper
1209 889 1279 953 tres,

166 981 231 1036 quae
243 963 321 1020 ultra
331 964 493 1037 marginem
505 963 592 1021 valde
603 982 768 1021 convexum
778 964 841 1019 tubi
853 971 997 1028 exsertoe3
1019 963 1049 1018 in
1060 962 1280 1037 speciminibus

166 1043 328 1100 Australiae
342 1042 494 1100 orientalis
508 1043 570 1101 lere
584 1062 698 1118 semper
713 1046 732 1099 4
741 1043 834 1117 juxta
847 1044 1009 1118 marginem
1023 1043 1148 1118 planum
1162 1043 1279 1120 calycis

167 1123 288 1180 inclusae
321 1124 508 1197 proveniunt.
557 1123 676 1181 Semina
703 1124 816 1180 sterilia
842 1122 905 1181 fere
932 1123 1031 1180 omnia
1058 1120 1140 1196 ff-ll'
1175 1123 1277 1198 longa,

167 1203 411 1277 ungulato-ovata
430 1223 458 1260 v.
477 1203 780 1274 dimidiato-rotunda,
803 1203 856 1261 vix
876 1203 937 1260 ulla
960 1203 1085 1272 clavata,
1110 1204 1278 1261 naturalius

166 1283 343 1358 pallidiusve
365 1282 465 1350 fusca;
487 1283 598 1341 fertilia
618 1284 769 1342 sterilibus
786 1283 847 1341 lero
866 1282 1036 1354 conformia,
1056 1283 1154 1359 magis
1172 1283 1276 1360 nigre·

168 1364 290 1420 scentia.

206 1443 315 1500 Planta
327 1443 455 1500 herbarii
473 1442 585 1502 Sieberi
600 1442 659 1504 477
674 1463 741 1500 cum
755 1452 856 1501 nostra
870 1462 886 1501 e
900 1443 989 1501 Nova
1003 1440 1278 1502 Austro-cambria

167 1525 286 1582 omnino
308 1524 455 1581 convenit.
497 1523 598 1581 Arbor
620 1533 717 1581 autem
741 1526 770 1580 in
793 1532 873 1582 terra
892 1523 989 1599 Gipps
1008 1524 1094 1581 Land
1116 1523 1279 1582 observata

167 1603 336 1680 operculum
364 1605 492 1661 ostendit
514 1603 577 1678 jam
598 1623 614 1662 e
636 1605 699 1661 basi
721 1606 815 1679 magis
839 1604 978 1683 depressa
999 1605 1029 1660 in
1051 1622 1177 1662 acumen
1199 1611 1277 1661 atte-

166 1694 297 1756 nuatum,
313 1703 371 1759 quo
390 1685 476 1742 modo
494 1694 596 1742 sutura
612 1693 781 1742 transversa
795 1685 904 1761 calycis
919 1684 1101 1742 acutiuscula
1115 1685 1278 1760 prominet.

168 1766 204 1823 Ε.
219 1765 405 1840 persieifolia,
425 1765 498 1839 Miq.
519 1764 609 1840 Stirp.
629 1764 708 1822 Nor.
728 1766 807 1822 Holl.
827 1769 874 1834 41,
896 1784 962 1823 cum
979 1765 1081 1840 planta
1098 1765 1150 1822 hic
1170 1764 1276 1821 adum·

167 1848 252 1903 brata
276 1846 435 1902 coadunari
463 1846 574 1919 nequit,
603 1863 668 1920 quae
696 1854 837 1919 quantum
867 1847 974 1902 scimus
996 1845 1187 1902 Tasmaniam
1215 1862 1277 1902 non

168 1926 322 1983 inhabitat.
359 1924 475 1981 Dubius
489 1926 576 1995 baero,
592 1926 663 2000 quin
679 1926 714 1982 Ε.
727 1925 911 2001 persicifolia,
926 1924 1134 1983 Schlechtend.
1149 1924 1279 1983 Linnaea

168 2026 221 2065 xx.
235 2009 296 2064 659
310 2006 410 2063 eadem
425 2024 459 2062 ac
475 2006 509 2062 E.
522 2006 712 2082 Leucoxylon
727 2006 862 2063 habenda
876 2007 923 2076 sit,
939 2007 986 2063 cui
999 2004 1090 2079 juxta
1109 2012 1196 2062 notas
1212 2005 1233 2062 l.
1251 2024 1277 2063 c.

167 2087 367 2163 promulgatas
391 2087 488 2162 potius
512 2105 599 2160 quam
625 2088 675 2143 alii
700 2087 752 2142 ulli
777 2087 885 2142 ibidem
910 2087 1095 2143 inveniendae
1120 2087 1274 2143 convenit

169 2167 265 2242 Stirps
279 2175 377 2224 autem
389 2185 461 2224 vera
470 2165 835 2224 Orientali-Australssica
849 2186 939 2241 prope
954 2168 1050 2224 sinum
1063 2165 1106 2225 St.
1117 2165 1276 2224 Vincentii

167 2266 225 2305 non
240 2249 395 2322 reperitur.

206 2326 281 2384 Eue.
304 2326 482 2400 hemiphloia
504 2335 534 2383 et
556 2326 592 2383 Ε.
615 2326 884 2401 leptophlebahuic
907 2327 993 2385 valde
1007 2326 1118 2396 affines,
1136 2327 1275 2384 ulteriori

166 2408 296 2464 examini
320 2405 508 2479 subjiciendae
533 2414 694 2463 remanent.
738 2406 923 2465 Simillimam
946 2409 1072 2482 speciem
1094 2408 1153 2464 nisi
1175 2408 1275 2465 varie·

166 2495 266 2555 tatem,
282 2487 318 2544 Ε.
333 2485 505 2561 Leucoxylo
523 2505 581 2542 non
600 2487 697 2543 minus
716 2487 840 2558 affinem,
856 2507 894 2546 ex
910 2489 1000 2545 variis
1015 2486 1110 2544 Norae
1125 2487 1277 2546 Cambriae

167 2566 305 2624 australis
332 2566 502 2640 regionibus
530 2567 653 2640 accepi3
683 2567 892 2642 distinguenda
919 2569 1038 2626 videtur
1061 2567 1141 2625 foliis
1165 2587 1276 2626 revera

167 2647 338 2715 chartaceis,
355 2664 431 2703 vena
444 2663 543 2704 eorum
558 2648 742 2721 peripherica
755 2649 879 2723 margini
895 2648 957 2706 fere
972 2649 1111 2723 contigua
1122 2668 1150 2705 v.
1168 2648 1276 2706 saltem

167 2747 226 2785 non
240 2726 411 2801 frequenter
425 2726 462 2784 ab
476 2727 576 2784 eodem
591 2736 710 2797 remota,
726 2728 877 2802 pedicellis
892 2730 921 2786 in
937 2728 1046 2805 calycis
1060 2729 1164 2785 tubum
1182 2729 1275 2786 lenis·

168 2810 240 2866 sime
264 2807 435 2882 angulatum
460 2808 638 2877 incrassatis,
664 2808 802 2882 operculo
826 2810 928 2866 conico
952 2810 1087 2866 breviore
1114 2809 1275 2884 pallidiore

151 2890 264 2946 minus
291 2889 423 2945 ooriaceo
452 2888 505 2944 vix
532 2889 699 2945 acuminato
729 2889 915 2946 latitudinem
942 2889 1009 2946 tubi
1037 2907 1096 2945 non
1124 2898 1273 2963 aequanta

167 2969 299 3027 antberis
317 2968 478 3025 minoribus
497 2969 596 3042 potius
613 2969 796 3044 subglobosis
811 2988 839 3026 v.
854 2971 1116 3044 quadrato-matis,
1133 2970 1276 3044 stigmate

166 3050 255 3128 paulo
277 3048 400 3106 dilatato
421 3056 452 3106 et
474 3049 602 3126 capsulis
621 3050 841 3107 4-6-loculatis.
884 3051 957 3107 Haec
980 3049 1131 3125 axlualiter
1152 3049 1275 3107 nominc

168 3135 185 3162 ‘⁴
196 3127 435 3188 Ironbark-tree”
449 3130 559 3203 gaudet
573 3130 648 3186 etin
669 3131 748 3187 illam
763 3129 971 3206 Eucnlyptum,
990 3149 1078 3204 quam
1094 3129 1199 3188 Sieber
1216 3131 1275 3186 sub

165 3231 286 3270 numero
300 3209 360 3268 468
374 3211 533 3279 distribuit,
549 3211 736 3268 exactissime
755 3211 888 3284 quadrat.
931 3211 1036 3268 Ambae
1050 3209 1175 3268 forsitan
1191 3228 1273 3267 com-

163 3292 298 3350 binandae
312 3297 381 3348 sunt
394 3298 425 3348 ot
438 3289 630 3363 probabiliter
644 3309 745 3348 veram
760 3290 794 3346 E.
807 3289 991 3349 resiniferam
1005 3299 1226 3367 repraesentant.

548 3499 739 3577 Eucalyptus
759 3501 884 3561 Garuli.

167 3615 194 3666 J.
213 3616 298 3664 Hook.
316 3615 344 3664 in
360 3616 442 3666 Lond.
460 3615 553 3666 Journ.
570 3617 600 3665 ol
613 3617 670 3666 Bot.
685 3617 722 3666 iii.
738 3624 803 3678 4993
826 3620 865 3668 ΕΙ.
883 3620 971 3668 Tasm.
986 3620 1002 3668 i.
1022 3625 1075 3675 134.
1091 3624 1110 3668 t.
1126 3620 1208 3669 xxvii.
1219 3641 1227 3678 3
1239 3620 1272 3670 Ε.

215 3679 375 3737 Sauartiana
387 3681 451 3743 Miq.
463 3681 543 3743 Stirp.
556 3681 621 3731 Nor.
634 3683 702 3732 Holl.
714 3697 738 3744 p.
751 3689 798 3742 ³53
816 3685 846 3734 Ε.
858 3684 1014 3743 Baueriana,
1027 3685 1090 3746 Miq.
1102 3685 1118 3734 l.
1130 3699 1152 3734 c.
1187 3684 1270 3747 (Sect.

214 3744 396 3809 Leiophloiae.)

206 3846 352 3916 Arbores,
373 3845 464 3923 soliis
492 3846 613 3905 alternis
640 3850 754 3908 modice
782 3851 929 3925 petiolatis
951 3858 1091 3924 angusto·
1114 3871 1144 3910 v.
1166 3859 1270 3910 orata-

166 3926 338 3985 lanceolatis
358 3946 386 3984 v.
407 3928 464 3984 rite
485 3928 580 3984 ovatis
598 3929 738 3986 coriaceis
760 3931 923 3990 nitentibus
945 3931 1148 3989 concoloribus
1166 3933 1271 4007 patulo

166 4007 389 4084 prominuloque
406 4007 592 4082 penniveniis
611 4009 698 4084 longe
715 4011 746 4066 in
766 4029 888 4068 acumen
906 4020 995 4070 tenue
1011 4013 1138 4070 scutatis
1155 4032 1184 4070 v.
1202 4013 1269 4072 bre·

166 4089 245 4146 viter
259 4089 354 4146 acutis
368 4087 435 4145 basi
447 4090 617 4164 angustatis
628 4108 737 4164 parum
753 4091 978 4166 inoequilateria
995 4111 1071 4151 vena
1084 4093 1272 4168 peripherica

167 4189 186 4226 a
206 4171 340 4244 margine
364 4176 484 4237 remota,
514 4168 649 4226 umbellis
677 4169 851 4228 axillaribus
875 4180 906 4229 et
928 4173 1100 4230 lateralibus
1128 4173 1270 4233 solitariis

167 4247 321 4308 3-7-fl0ris
338 4249 455 4324 longius
472 4247 631 4307 braviusve
651 4251 862 4325 pedunculatis,
879 4253 989 4330 calycis
1003 4253 1186 4329 longiuscule
1200 4254 1269 4313 bre-

167 4328 244 4386 viter
271 4347 300 4387 v.
329 4330 382 4386 vix
410 4328 577 4404 pedicellati
606 4331 677 4389 tubo
704 4331 1020 4391 obconico-somiovato
1053 4335 1271 4410 longitudinem
