<?xml version="1.0" encoding="UTF-8"?>
<!DOCTYPE html PUBLIC "-//W3C//DTD XHTML 1.0 Transitional//EN"
    "http://www.w3.org/TR/xhtml1/DTD/xhtml1-transitional.dtd">
<html xmlns="http://www.w3.org/1999/xhtml" xml:lang="en" lang="en">
 <head>
  <title>
</title>
<meta http-equiv="Content-Type" content="text/html;charset=utf-8" />
  <meta name='ocr-system' content='tesseract 3.04.00' />
  <meta name='ocr-capabilities' content='ocr_page ocr_carea ocr_par ocr_line ocrx_word'/>
</head>
<body>
  <div class='ocr_page' id='page_1' title='image "./fragmentaphytog00muelgoog_0155.png"; bbox 0 0 2926 5062; ppageno 0'>
   <div class='ocr_carea' id='block_1_1' title="bbox 702 508 760 592">
    <p class='ocr_par' dir='ltr' id='par_1_1' title="bbox 702 508 760 592">
     <span class='ocr_line' id='line_1_1' title="bbox 702 508 760 592; baseline 0.017 -1"><span class='ocrx_word' id='word_1_1' title='bbox 702 508 760 592; x_wconf 81' lang='lat' dir='ltr'><strong>res</strong></span> 
     </span>
    </p>
   </div>
   <div class='ocr_carea' id='block_1_2' title="bbox 179 692 1295 3240">
    <p class='ocr_par' dir='ltr' id='par_1_2' title="bbox 179 692 1288 994">
     <span class='ocr_line' id='line_1_2' title="bbox 179 692 1287 764; baseline -0.001 -11"><span class='ocrx_word' id='word_1_2' title='bbox 179 694 302 754; x_wconf 89' lang='lat' dir='ltr'><strong>floribus</strong></span> <span class='ocrx_word' id='word_1_3' title='bbox 314 692 505 752; x_wconf 87' lang='lat' dir='ltr'><strong>bibracteatis</strong></span> <span class='ocrx_word' id='word_1_4' title='bbox 519 692 694 752; x_wconf 84' lang='lat' dir='ltr'><strong>axillaribus</strong></span> <span class='ocrx_word' id='word_1_5' title='bbox 708 701 739 752; x_wconf 89' lang='lat' dir='ltr'><strong>et</strong></span> <span class='ocrx_word' id='word_1_6' title='bbox 752 693 956 753; x_wconf 73' lang='lat' dir='ltr'><strong>terminalibus</strong></span> <span class='ocrx_word' id='word_1_7' title='bbox 971 693 1112 752; x_wconf 79' lang='lat' dir='ltr'>solitariis</span> <span class='ocrx_word' id='word_1_8' title='bbox 1126 695 1287 764; x_wconf 80' lang='lat' dir='ltr'><strong>sensilibus,</strong></span> 
     </span>
     <span class='ocr_line' id='line_1_3' title="bbox 179 770 1288 852; baseline -0.002 -17"><span class='ocrx_word' id='word_1_9' title='bbox 179 774 296 835; x_wconf 83' lang='lat' dir='ltr'><strong>corolla</strong></span> <span class='ocrx_word' id='word_1_10' title='bbox 305 774 431 851; x_wconf 78' lang='lat' dir='ltr'><strong>calyccm</strong></span> <span class='ocrx_word' id='word_1_11' title='bbox 441 777 718 851; x_wconf 77' lang='lat' dir='ltr'><strong>quinquepartitum</strong></span> <span class='ocrx_word' id='word_1_12' title='bbox 726 770 817 852; x_wconf 78' lang='lat' dir='ltr'><strong>duplo</strong></span> <span class='ocrx_word' id='word_1_13' title='bbox 827 785 987 850; x_wconf 81' lang='lat' dir='ltr'><strong>superante</strong></span> <span class='ocrx_word' id='word_1_14' title='bbox 997 775 1102 851; x_wconf 87' lang='lat' dir='ltr'><strong>glabra</strong></span> <span class='ocrx_word' id='word_1_15' title='bbox 1112 776 1288 847; x_wconf 84' lang='lat' dir='ltr'><strong>albo-rosea,</strong></span> 
     </span>
     <span class='ocr_line' id='line_1_4' title="bbox 180 852 1288 932; baseline -0.002 -18"><span class='ocrx_word' id='word_1_16' title='bbox 180 856 253 914; x_wconf 90' lang='lat' dir='ltr'><strong>tubo</strong></span> <span class='ocrx_word' id='word_1_17' title='bbox 281 856 361 913; x_wconf 90' lang='lat' dir='ltr'><strong>intus</strong></span> <span class='ocrx_word' id='word_1_18' title='bbox 385 854 471 924; x_wconf 88' lang='lat' dir='ltr'><strong>nudo,</strong></span> <span class='ocrx_word' id='word_1_19' title='bbox 500 855 622 930; x_wconf 76' lang='lat' dir='ltr'><strong>capsula</strong></span> <span class='ocrx_word' id='word_1_20' title='bbox 644 855 803 914; x_wconf 88' lang='lat' dir='ltr'><strong>obcordata</strong></span> <span class='ocrx_word' id='word_1_21' title='bbox 826 856 928 932; x_wconf 88' lang='lat' dir='ltr'><strong>calyce</strong></span> <span class='ocrx_word' id='word_1_22' title='bbox 951 862 1098 931; x_wconf 88' lang='lat' dir='ltr'><strong>superata,</strong></span> <span class='ocrx_word' id='word_1_23' title='bbox 1124 852 1288 914; x_wconf 86' lang='lat' dir='ltr'><strong>seminibus</strong></span> 
     </span>
     <span class='ocr_line' id='line_1_5' title="bbox 180 934 533 994; baseline -0.003 0"><span class='ocrx_word' id='word_1_24' title='bbox 180 937 267 994; x_wconf 85' lang='lat' dir='ltr'><strong>dorso</strong></span> <span class='ocrx_word' id='word_1_25' title='bbox 281 934 368 993; x_wconf 91' lang='lat' dir='ltr'><strong>valde</strong></span> <span class='ocrx_word' id='word_1_26' title='bbox 382 935 533 993; x_wconf 84' lang='lat' dir='ltr'><strong>convexis.</strong></span> 
     </span>
    </p>

    <p class='ocr_par' dir='ltr' id='par_1_3' title="bbox 180 1014 1288 1154">
     <span class='ocr_line' id='line_1_6' title="bbox 220 1014 1288 1092; baseline -0.001 -18"><span class='ocrx_word' id='word_1_27' title='bbox 220 1016 258 1074; x_wconf 93' lang='lat' dir='ltr'><strong>In</strong></span> <span class='ocrx_word' id='word_1_28' title='bbox 286 1016 407 1074; x_wconf 89' lang='lat' dir='ltr'><strong>summis</strong></span> <span class='ocrx_word' id='word_1_29' title='bbox 434 1015 612 1072; x_wconf 82' lang='lat' dir='ltr'><strong>culminibus</strong></span> <span class='ocrx_word' id='word_1_30' title='bbox 639 1015 753 1073; x_wconf 80' lang='lat' dir='ltr'><strong>saxosis</strong></span> <span class='ocrx_word' id='word_1_31' title='bbox 772 1015 917 1072; x_wconf 91' lang='lat' dir='ltr'><strong>montium</strong></span> <span class='ocrx_word' id='word_1_32' title='bbox 937 1014 1105 1090; x_wconf 89' lang='lat' dir='ltr'><strong>alpinorum</strong></span> <span class='ocrx_word' id='word_1_33' title='bbox 1130 1015 1288 1092; x_wconf 88' lang='lat' dir='ltr'><strong>Munyang</strong></span> 
     </span>
     <span class='ocr_line' id='line_1_7' title="bbox 180 1095 444 1154; baseline -0.004 0"><span class='ocrx_word' id='word_1_34' title='bbox 180 1095 353 1154; x_wconf 85' lang='lat' dir='ltr'><strong>Mountains</strong></span> <span class='ocrx_word' id='word_1_35' title='bbox 368 1113 444 1153; x_wconf 85' lang='lat' dir='ltr'><strong>rara.</strong></span> 
     </span>
    </p>

    <p class='ocr_par' dir='ltr' id='par_1_4' title="bbox 181 1174 1292 2452">
     <span class='ocr_line' id='line_1_8' title="bbox 224 1174 1290 1251; baseline 0 -17"><span class='ocrx_word' id='word_1_36' title='bbox 224 1176 328 1234; x_wconf 80' lang='lat' dir='ltr'><strong>Herba</strong></span> <span class='ocrx_word' id='word_1_37' title='bbox 341 1175 486 1251; x_wconf 86' lang='lat' dir='ltr'><strong>perennis,</strong></span> <span class='ocrx_word' id='word_1_38' title='bbox 503 1174 738 1251; x_wconf 87' lang='lat' dir='ltr'><strong>pluripollicaris,</strong></span> <span class='ocrx_word' id='word_1_39' title='bbox 753 1191 876 1244; x_wconf 87' lang='lat' dir='ltr'><strong>ramosa,</strong></span> <span class='ocrx_word' id='word_1_40' title='bbox 888 1175 1034 1234; x_wconf 83' lang='lat' dir='ltr'><strong>radicans.</strong></span> <span class='ocrx_word' id='word_1_41' title='bbox 1068 1175 1156 1233; x_wconf 83' lang='lat' dir='ltr'><strong>Folia</strong></span> <span class='ocrx_word' id='word_1_42' title='bbox 1170 1174 1290 1234; x_wconf 84' lang='lat' dir='ltr'><strong>circiter</strong></span> 
     </span>
     <span class='ocr_line' id='line_1_9' title="bbox 182 1253 1290 1331; baseline 0 -17"><span class='ocrx_word' id='word_1_43' title='bbox 182 1254 220 1314; x_wconf 81' lang='grc'><strong>2”</strong></span> <span class='ocrx_word' id='word_1_44' title='bbox 234 1257 330 1331; x_wconf 90' lang='lat' dir='ltr'><strong>longa,</strong></span> <span class='ocrx_word' id='word_1_45' title='bbox 346 1256 432 1313; x_wconf 90' lang='lat' dir='ltr'><strong>dorso</strong></span> <span class='ocrx_word' id='word_1_46' title='bbox 451 1256 692 1325; x_wconf 77' lang='lat' dir='ltr'><strong>carinam-acuta,</strong></span> <span class='ocrx_word' id='word_1_47' title='bbox 712 1255 845 1331; x_wconf 83' lang='lat' dir='ltr'><strong>margine</strong></span> <span class='ocrx_word' id='word_1_48' title='bbox 863 1253 969 1313; x_wconf 89' lang='lat' dir='ltr'><strong>leniter</strong></span> <span class='ocrx_word' id='word_1_49' title='bbox 991 1254 1111 1313; x_wconf 88' lang='lat' dir='ltr'><strong>inflexa.</strong></span> <span class='ocrx_word' id='word_1_50' title='bbox 1154 1255 1290 1314; x_wconf 83' lang='lat' dir='ltr'><strong>Bracteae</strong></span> 
     </span>
     <span class='ocr_line' id='line_1_10' title="bbox 182 1334 1290 1413; baseline 0 -19"><span class='ocrx_word' id='word_1_51' title='bbox 182 1337 247 1394; x_wconf 82' lang='lat' dir='ltr'><strong>‹luae</strong></span> <span class='ocrx_word' id='word_1_52' title='bbox 267 1338 304 1394; x_wconf 90' lang='lat' dir='ltr'><strong>ad</strong></span> <span class='ocrx_word' id='word_1_53' title='bbox 321 1336 431 1412; x_wconf 89' lang='lat' dir='ltr'><strong>calycis</strong></span> <span class='ocrx_word' id='word_1_54' title='bbox 450 1336 534 1393; x_wconf 85' lang='lat' dir='ltr'><strong>basin</strong></span> <span class='ocrx_word' id='word_1_55' title='bbox 548 1334 889 1412; x_wconf 85' lang='lat' dir='ltr'><strong>cymbiformi·oblongae‚</strong></span> <span class='ocrx_word' id='word_1_56' title='bbox 904 1336 1011 1410; x_wconf 86' lang='lat' dir='ltr'><strong>saepius</strong></span> <span class='ocrx_word' id='word_1_57' title='bbox 1024 1343 1172 1408; x_wconf 86' lang='lat' dir='ltr'><strong>ecostatae,</strong></span> <span class='ocrx_word' id='word_1_58' title='bbox 1187 1334 1290 1413; x_wconf 82' lang='lat' dir='ltr'><strong>calyce</strong></span> 
     </span>
     <span class='ocr_line' id='line_1_11' title="bbox 181 1415 1290 1493; baseline -0.001 -20"><span class='ocrx_word' id='word_1_59' title='bbox 181 1417 353 1493; x_wconf 89' lang='lat' dir='ltr'><strong>plerumque</strong></span> <span class='ocrx_word' id='word_1_60' title='bbox 367 1416 488 1472; x_wconf 86' lang='lat' dir='ltr'><strong>dimidio</strong></span> <span class='ocrx_word' id='word_1_61' title='bbox 502 1416 661 1487; x_wconf 89' lang='lat' dir='ltr'><strong>breviores,</strong></span> <span class='ocrx_word' id='word_1_62' title='bbox 673 1415 752 1473; x_wconf 88' lang='lat' dir='ltr'><strong>foliis</strong></span> <span class='ocrx_word' id='word_1_63' title='bbox 766 1415 951 1490; x_wconf 86' lang='lat' dir='ltr'><strong>angustiores</strong></span> <span class='ocrx_word' id='word_1_64' title='bbox 964 1423 995 1472; x_wconf 87' lang='lat' dir='ltr'><strong>et</strong></span> <span class='ocrx_word' id='word_1_65' title='bbox 1008 1417 1167 1474; x_wconf 86' lang='lat' dir='ltr'><strong>tenuiores.</strong></span> <span class='ocrx_word' id='word_1_66' title='bbox 1190 1415 1290 1492; x_wconf 84' lang='lat' dir='ltr'><strong>Calyx</strong></span> 
     </span>
     <span class='ocr_line' id='line_1_12' title="bbox 183 1495 1289 1571; baseline 0 -17"><span class='ocrx_word' id='word_1_67' title='bbox 183 1498 261 1554; x_wconf 86' lang='lat' dir='ltr'><strong>ultra</strong></span> <span class='ocrx_word' id='word_1_68' title='bbox 275 1496 402 1553; x_wconf 90' lang='lat' dir='ltr'><strong>medium</strong></span> <span class='ocrx_word' id='word_1_69' title='bbox 414 1496 532 1565; x_wconf 63' lang='lat' dir='ltr'><strong>bridus,</strong></span> <span class='ocrx_word' id='word_1_70' title='bbox 548 1513 635 1570; x_wconf 88' lang='lat' dir='ltr'><strong>parce</strong></span> <span class='ocrx_word' id='word_1_71' title='bbox 648 1495 997 1571; x_wconf 68' lang='lat' dir='ltr'><strong>glandulosepuberulus</strong></span> <span class='ocrx_word' id='word_1_72' title='bbox 1010 1519 1018 1562; x_wconf 91' lang='lat'>;</span> <span class='ocrx_word' id='word_1_73' title='bbox 1040 1496 1157 1553; x_wconf 90' lang='lat' dir='ltr'><strong>laciniis</strong></span> <span class='ocrx_word' id='word_1_74' title='bbox 1171 1497 1289 1554; x_wconf 87' lang='lat' dir='ltr'><strong>lanceo-</strong></span> 
     </span>
     <span class='ocr_line' id='line_1_13' title="bbox 183 1572 1290 1652; baseline 0 -18"><span class='ocrx_word' id='word_1_75' title='bbox 183 1576 363 1645; x_wconf 81' lang='lat' dir='ltr'><strong>latoovatis,</strong></span> <span class='ocrx_word' id='word_1_76' title='bbox 378 1575 499 1645; x_wconf 86' lang='lat' dir='ltr'><strong>obtusis,</strong></span> <span class='ocrx_word' id='word_1_77' title='bbox 515 1576 634 1634; x_wconf 87' lang='lat' dir='ltr'><strong>circiter</strong></span> <span class='ocrx_word' id='word_1_78' title='bbox 647 1573 702 1652; x_wconf 61' lang='grc' dir='ltr'><strong>ψ</strong></span> <span class='ocrx_word' id='word_1_79' title='bbox 713 1575 817 1651; x_wconf 88' lang='lat' dir='ltr'><strong>longis.</strong></span> <span class='ocrx_word' id='word_1_80' title='bbox 854 1573 973 1634; x_wconf 86' lang='lat' dir='ltr'><strong>Oorolla</strong></span> <span class='ocrx_word' id='word_1_81' title='bbox 988 1572 1065 1632; x_wconf 61' lang='lat'><strong>443¹*</strong></span> <span class='ocrx_word' id='word_1_82' title='bbox 1080 1576 1176 1651; x_wconf 85' lang='lat' dir='ltr'><strong>longa,</strong></span> <span class='ocrx_word' id='word_1_83' title='bbox 1192 1576 1290 1651; x_wconf 87' lang='lat' dir='ltr'><strong>quoad</strong></span> 
     </span>
     <span class='ocr_line' id='line_1_14' title="bbox 183 1654 1290 1724; baseline -0.002 -9"><span class='ocrx_word' id='word_1_84' title='bbox 183 1657 359 1715; x_wconf 85' lang='lat' dir='ltr'><strong>divisionem</strong></span> <span class='ocrx_word' id='word_1_85' title='bbox 373 1664 403 1714; x_wconf 92' lang='lat' dir='ltr'><strong>et</strong></span> <span class='ocrx_word' id='word_1_86' title='bbox 416 1657 590 1714; x_wconf 88' lang='lat' dir='ltr'><strong>la&#39;ciniarum</strong></span> <span class='ocrx_word' id='word_1_87' title='bbox 603 1655 725 1713; x_wconf 82' lang='lat' dir='ltr'><strong>formam</strong></span> <span class='ocrx_word' id='word_1_88' title='bbox 737 1656 824 1713; x_wconf 88' lang='lat' dir='ltr'><strong>valde</strong></span> <span class='ocrx_word' id='word_1_89' title='bbox 838 1654 994 1713; x_wconf 75' lang='lat' dir='ltr'><strong>vitiabilis.</strong></span> <span class='ocrx_word' id='word_1_90' title='bbox 1024 1654 1176 1713; x_wconf 90' lang='lat' dir='ltr'><strong>Normalis</strong></span> <span class='ocrx_word' id='word_1_91' title='bbox 1187 1663 1290 1724; x_wconf 82' lang='lat' dir='ltr'><strong>autem</strong></span> 
     </span>
     <span class='ocr_line' id='line_1_15' title="bbox 185 1735 1289 1812; baseline 0 -17"><span class='ocrx_word' id='word_1_92' title='bbox 185 1738 303 1796; x_wconf 83' lang='lat' dir='ltr'><strong>videtur</strong></span> <span class='ocrx_word' id='word_1_93' title='bbox 319 1738 468 1812; x_wconf 88' lang='lat' dir='ltr'><strong>5·partita‚</strong></span> <span class='ocrx_word' id='word_1_94' title='bbox 485 1737 600 1794; x_wconf 90' lang='lat' dir='ltr'><strong>laciniis</strong></span> <span class='ocrx_word' id='word_1_95' title='bbox 613 1737 727 1795; x_wconf 90' lang='lat' dir='ltr'><strong>obtusis</strong></span> <span class='ocrx_word' id='word_1_96' title='bbox 743 1736 840 1794; x_wconf 89' lang='lat' dir='ltr'><strong>ovatis</strong></span> <span class='ocrx_word' id='word_1_97' title='bbox 859 1735 890 1791; x_wconf 92' lang='lat' dir='ltr'><strong>in</strong></span> <span class='ocrx_word' id='word_1_98' title='bbox 907 1736 991 1792; x_wconf 90' lang='lat' dir='ltr'><strong>basin</strong></span> <span class='ocrx_word' id='word_1_99' title='bbox 1011 1737 1188 1811; x_wconf 89' lang='lat' dir='ltr'><strong>angustatis.</strong></span> <span class='ocrx_word' id='word_1_100' title='bbox 1231 1735 1289 1795; x_wconf 86' lang='lat' dir='ltr'><strong>Oe·</strong></span> 
     </span>
     <span class='ocr_line' id='line_1_16' title="bbox 185 1814 1289 1891; baseline -0.002 -15"><span class='ocrx_word' id='word_1_101' title='bbox 185 1826 309 1877; x_wconf 88' lang='lat' dir='ltr'><strong>currunt</strong></span> <span class='ocrx_word' id='word_1_102' title='bbox 319 1825 417 1875; x_wconf 89' lang='lat' dir='ltr'><strong>tamen</strong></span> <span class='ocrx_word' id='word_1_103' title='bbox 427 1835 486 1874; x_wconf 89' lang='lat' dir='ltr'><strong>non</strong></span> <span class='ocrx_word' id='word_1_104' title='bbox 497 1835 564 1874; x_wconf 90' lang='lat' dir='ltr'><strong>raro</strong></span> <span class='ocrx_word' id='word_1_105' title='bbox 574 1817 688 1874; x_wconf 76' lang='lat' dir='ltr'><strong>laciniae</strong></span> <span class='ocrx_word' id='word_1_106' title='bbox 699 1816 868 1875; x_wconf 79' lang='lat' dir='ltr'><strong>orbiculatae</strong></span> <span class='ocrx_word' id='word_1_107' title='bbox 878 1823 909 1873; x_wconf 88' lang='lat' dir='ltr'><strong>et</strong></span> <span class='ocrx_word' id='word_1_108' title='bbox 919 1814 1053 1891; x_wconf 85' lang='lat' dir='ltr'><strong>oblongae</strong></span> <span class='ocrx_word' id='word_1_109' title='bbox 1062 1817 1148 1874; x_wconf 88' lang='lat' dir='ltr'><strong>vario</strong></span> <span class='ocrx_word' id='word_1_110' title='bbox 1158 1834 1289 1886; x_wconf 88' lang='lat' dir='ltr'><strong>numero,</strong></span> 
     </span>
     <span class='ocr_line' id='line_1_17' title="bbox 185 1895 1290 1972; baseline -0.002 -16"><span class='ocrx_word' id='word_1_111' title='bbox 185 1899 273 1957; x_wconf 91' lang='lat' dir='ltr'><strong>immo</strong></span> <span class='ocrx_word' id='word_1_112' title='bbox 287 1899 396 1967; x_wconf 89' lang='lat' dir='ltr'><strong>decem,</strong></span> <span class='ocrx_word' id='word_1_113' title='bbox 417 1898 522 1971; x_wconf 89' lang='lat' dir='ltr'><strong>quinta</strong></span> <span class='ocrx_word' id='word_1_114' title='bbox 539 1903 663 1954; x_wconf 86' lang='lat' dir='ltr'><strong>sextave</strong></span> <span class='ocrx_word' id='word_1_115' title='bbox 680 1898 786 1972; x_wconf 84' lang='lat' dir='ltr'><strong>saepius</strong></span> <span class='ocrx_word' id='word_1_116' title='bbox 800 1896 831 1952; x_wconf 92' lang='lat' dir='ltr'><strong>in</strong></span> <span class='ocrx_word' id='word_1_117' title='bbox 846 1895 1048 1967; x_wconf 84' lang='lat' dir='ltr'><strong>Calorhabdos</strong></span> <span class='ocrx_word' id='word_1_118' title='bbox 1065 1897 1186 1953; x_wconf 88' lang='lat' dir='ltr'><strong>modum</strong></span> <span class='ocrx_word' id='word_1_119' title='bbox 1203 1897 1290 1954; x_wconf 86' lang='lat' dir='ltr'><strong>dimi·</strong></span> 
     </span>
     <span class='ocr_line' id='line_1_18' title="bbox 188 1976 1290 2051; baseline 0 -16"><span class='ocrx_word' id='word_1_120' title='bbox 188 1986 269 2036; x_wconf 87' lang='lat' dir='ltr'><strong>nuta.</strong></span> <span class='ocrx_word' id='word_1_121' title='bbox 311 1977 478 2035; x_wconf 84' lang='lat' dir='ltr'><strong>Filumenta</strong></span> <span class='ocrx_word' id='word_1_122' title='bbox 505 1977 620 2035; x_wconf 83' lang='lat' dir='ltr'><strong>corollae</strong></span> <span class='ocrx_word' id='word_1_123' title='bbox 648 1976 719 2033; x_wconf 92' lang='lat' dir='ltr'><strong>tubo</strong></span> <span class='ocrx_word' id='word_1_124' title='bbox 747 1978 863 2047; x_wconf 86' lang='lat' dir='ltr'><strong>adnata,</strong></span> <span class='ocrx_word' id='word_1_125' title='bbox 892 1976 976 2051; x_wconf 88' lang='lat' dir='ltr'><strong>apice</strong></span> <span class='ocrx_word' id='word_1_126' title='bbox 1003 1976 1103 2046; x_wconf 92' lang='lat' dir='ltr'><strong>libera,</strong></span> <span class='ocrx_word' id='word_1_127' title='bbox 1129 1976 1290 2035; x_wconf 82' lang='lat' dir='ltr'><strong>liliformia.</strong></span> 
     </span>
     <span class='ocr_line' id='line_1_19' title="bbox 185 2056 1289 2134; baseline -0.002 -18"><span class='ocrx_word' id='word_1_128' title='bbox 185 2058 329 2116; x_wconf 84' lang='lat' dir='ltr'><strong>Antherae</strong></span> <span class='ocrx_word' id='word_1_129' title='bbox 352 2057 440 2114; x_wconf 91' lang='lat' dir='ltr'><strong>loculi</strong></span> <span class='ocrx_word' id='word_1_130' title='bbox 469 2057 665 2132; x_wconf 85' lang='lat' dir='ltr'><strong>divergentes.</strong></span> <span class='ocrx_word' id='word_1_131' title='bbox 710 2056 813 2134; x_wconf 84' lang='lat' dir='ltr'><strong>Stylns</strong></span> <span class='ocrx_word' id='word_1_132' title='bbox 836 2056 946 2131; x_wconf 87' lang='lat' dir='ltr'><strong>glaber,</strong></span> <span class='ocrx_word' id='word_1_133' title='bbox 972 2056 1289 2131; x_wconf 79' lang='lat' dir='ltr'><strong>ungulato-capillaria,</strong></span> 
     </span>
     <span class='ocr_line' id='line_1_20' title="bbox 186 2135 1291 2214; baseline -0.001 -17"><span class='ocrx_word' id='word_1_134' title='bbox 186 2135 266 2197; x_wconf 75' lang='lat'><strong><em>2-3‘&#39;</em></strong></span> <span class='ocrx_word' id='word_1_135' title='bbox 279 2139 394 2214; x_wconf 90' lang='lat' dir='ltr'><strong>longus.</strong></span> <span class='ocrx_word' id='word_1_136' title='bbox 425 2136 540 2212; x_wconf 78' lang='lat' dir='ltr'><strong>stigma</strong></span> <span class='ocrx_word' id='word_1_137' title='bbox 553 2137 715 2207; x_wconf 87' lang='lat' dir='ltr'><strong>dilatatum,</strong></span> <span class='ocrx_word' id='word_1_138' title='bbox 728 2137 835 2195; x_wconf 89' lang='lat' dir='ltr'><strong>leniter</strong></span> <span class='ocrx_word' id='word_1_139' title='bbox 844 2155 1020 2194; x_wconf 85' lang='lat' dir='ltr'><strong>convexum.</strong></span> <span class='ocrx_word' id='word_1_140' title='bbox 1045 2135 1176 2213; x_wconf 87' lang='lat' dir='ltr'><strong>Capsula</strong></span> <span class='ocrx_word' id='word_1_141' title='bbox 1189 2139 1291 2213; x_wconf 85' lang='lat' dir='ltr'><strong>calyce</strong></span> 
     </span>
     <span class='ocr_line' id='line_1_21' title="bbox 186 2217 1292 2293; baseline -0.003 -15"><span class='ocrx_word' id='word_1_142' title='bbox 186 2218 314 2290; x_wconf 89' lang='lat' dir='ltr'><strong>brevior,</strong></span> <span class='ocrx_word' id='word_1_143' title='bbox 327 2218 533 2292; x_wconf 88' lang='lat' dir='ltr'><strong>sesquilineam</strong></span> <span class='ocrx_word' id='word_1_144' title='bbox 547 2218 644 2293; x_wconf 91' lang='lat' dir='ltr'><strong>longa,</strong></span> <span class='ocrx_word' id='word_1_145' title='bbox 661 2217 820 2293; x_wconf 84' lang='lat' dir='ltr'><strong>turgidula,</strong></span> <span class='ocrx_word' id='word_1_146' title='bbox 834 2217 981 2292; x_wconf 87' lang='lat' dir='ltr'><strong>rugulosa,</strong></span> <span class='ocrx_word' id='word_1_147' title='bbox 997 2217 1107 2291; x_wconf 87' lang='lat' dir='ltr'><strong>glabra,</strong></span> <span class='ocrx_word' id='word_1_148' title='bbox 1120 2217 1292 2275; x_wconf 89' lang='lat' dir='ltr'><strong>bilocularis</strong></span> 
     </span>
     <span class='ocr_line' id='line_1_22' title="bbox 187 2296 1289 2374; baseline -0.001 -17"><span class='ocrx_word' id='word_1_149' title='bbox 187 2298 269 2373; x_wconf 90' lang='lat' dir='ltr'><strong>(raro</strong></span> <span class='ocrx_word' id='word_1_150' title='bbox 279 2300 310 2356; x_wconf 92' lang='lat' dir='ltr'><strong>in</strong></span> <span class='ocrx_word' id='word_1_151' title='bbox 321 2299 540 2356; x_wconf 76' lang='lat' dir='ltr'><strong>monstrositate</strong></span> <span class='ocrx_word' id='word_1_152' title='bbox 551 2296 816 2374; x_wconf 85' lang='lat' dir='ltr'><strong>quadrilocnlaris)‚</strong></span> <span class='ocrx_word' id='word_1_153' title='bbox 828 2298 866 2354; x_wconf 88' lang='lat' dir='ltr'><strong>ad</strong></span> <span class='ocrx_word' id='word_1_154' title='bbox 875 2298 1123 2371; x_wconf 86' lang='lat' dir='ltr'><strong>emarginaturam</strong></span> <span class='ocrx_word' id='word_1_155' title='bbox 1135 2296 1289 2372; x_wconf 81' lang='lat' dir='ltr'><strong>puberula.</strong></span> 
     </span>
     <span class='ocr_line' id='line_1_23' title="bbox 190 2377 1290 2452; baseline -0.001 -15"><span class='ocrx_word' id='word_1_156' title='bbox 190 2379 309 2437; x_wconf 84' lang='lat' dir='ltr'><strong>Semina</strong></span> <span class='ocrx_word' id='word_1_157' title='bbox 322 2379 353 2435; x_wconf 91' lang='lat' dir='ltr'><strong>in</strong></span> <span class='ocrx_word' id='word_1_158' title='bbox 367 2378 470 2435; x_wconf 90' lang='lat' dir='ltr'><strong>loculis</strong></span> <span class='ocrx_word' id='word_1_159' title='bbox 489 2395 652 2448; x_wconf 85' lang='lat' dir='ltr'><strong>numerosa,</strong></span> <span class='ocrx_word' id='word_1_160' title='bbox 667 2377 784 2452; x_wconf 91' lang='lat' dir='ltr'><strong>oblique</strong></span> <span class='ocrx_word' id='word_1_161' title='bbox 803 2384 898 2446; x_wconf 88' lang='lat' dir='ltr'><strong>ovata,</strong></span> <span class='ocrx_word' id='word_1_162' title='bbox 919 2377 1069 2449; x_wconf 86' lang='lat' dir='ltr'><strong>sublaevia,</strong></span> <span class='ocrx_word' id='word_1_163' title='bbox 1086 2378 1182 2436; x_wconf 83' lang='lat' dir='ltr'><strong>diluta</strong></span> <span class='ocrx_word' id='word_1_164' title='bbox 1198 2378 1290 2448; x_wconf 88' lang='lat' dir='ltr'><strong>fulva,</strong></span> 
     </span>
    </p>

    <p class='ocr_par' dir='ltr' id='par_1_5' title="bbox 207 2457 335 2531">
     <span class='ocr_line' id='line_1_24' title="bbox 207 2457 335 2531; baseline 0 -17"><span class='ocrx_word' id='word_1_165' title='bbox 207 2457 224 2483; x_wconf 87' lang='lat'><strong>&#39;¹&#39;</strong></span> <span class='ocrx_word' id='word_1_166' title='bbox 238 2459 335 2531; x_wconf 86' lang='lat' dir='ltr'><strong>longa.</strong></span> 
     </span>
    </p>

    <p class='ocr_par' dir='ltr' id='par_1_6' title="bbox 188 2461 1295 3240">
     <span class='ocr_line' id='line_1_25' title="bbox 188 2461 1292 2613; baseline 0.001 -18"><span class='ocrx_word' id='word_1_167' title='bbox 188 2461 204 2536; x_wconf 53' lang='grc' dir='ltr'>ἑ</span> <span class='ocrx_word' id='word_1_168' title='bbox 230 2537 327 2611; x_wconf 85' lang='lat' dir='ltr'><strong>Stirps</strong></span> <span class='ocrx_word' id='word_1_169' title='bbox 350 2535 450 2592; x_wconf 82' lang='lat' dir='ltr'><strong>forsan</strong></span> <span class='ocrx_word' id='word_1_170' title='bbox 474 2535 545 2592; x_wconf 91' lang='lat' dir='ltr'><strong>novi</strong></span> <span class='ocrx_word' id='word_1_171' title='bbox 568 2535 739 2611; x_wconf 89' lang='lat' dir='ltr'><strong>subgeneris</strong></span> <span class='ocrx_word' id='word_1_172' title='bbox 758 2542 857 2613; x_wconf 85' lang='lat' dir='ltr'><strong>typus.</strong></span> <span class='ocrx_word' id='word_1_173' title='bbox 904 2536 988 2595; x_wconf 87' lang='lat' dir='ltr'><strong>Inter</strong></span> <span class='ocrx_word' id='word_1_174' title='bbox 1012 2556 1191 2613; x_wconf 86' lang='lat' dir='ltr'><strong>congeneres</strong></span> <span class='ocrx_word' id='word_1_175' title='bbox 1221 2557 1292 2596; x_wconf 89' lang='lat' dir='ltr'><strong>sane</strong></span> 
     </span>
     <span class='ocr_line' id='line_1_26' title="bbox 188 2614 1290 2693; baseline 0.001 -18"><span class='ocrx_word' id='word_1_176' title='bbox 188 2618 290 2675; x_wconf 91' lang='lat' dir='ltr'><strong>multis</strong></span> <span class='ocrx_word' id='word_1_177' title='bbox 306 2617 383 2674; x_wconf 90' lang='lat' dir='ltr'><strong>notis</strong></span> <span class='ocrx_word' id='word_1_178' title='bbox 403 2614 557 2691; x_wconf 89' lang='lat' dir='ltr'><strong>copulatur</strong></span> <span class='ocrx_word' id='word_1_179' title='bbox 572 2616 611 2674; x_wconf 91' lang='lat' dir='ltr'><strong>V.</strong></span> <span class='ocrx_word' id='word_1_180' title='bbox 626 2622 787 2692; x_wconf 82' lang='lat' dir='ltr'><strong>tetragonae</strong></span> <span class='ocrx_word' id='word_1_181' title='bbox 809 2615 921 2693; x_wconf 83' lang='lat' dir='ltr'><strong>(Hoolr.</strong></span> <span class='ocrx_word' id='word_1_182' title='bbox 942 2617 1024 2677; x_wconf 89' lang='lat' dir='ltr'><strong>Icon.</strong></span> <span class='ocrx_word' id='word_1_183' title='bbox 1040 2625 1062 2674; x_wconf 92' lang='lat' dir='ltr'><strong>t.</strong></span> <span class='ocrx_word' id='word_1_184' title='bbox 1078 2621 1158 2686; x_wconf 82' lang='lat'>5803</span> <span class='ocrx_word' id='word_1_185' title='bbox 1179 2619 1290 2676; x_wconf 91' lang='lat' dir='ltr'><strong>Benth.</strong></span> 
     </span>
     <span class='ocr_line' id='line_1_27' title="bbox 188 2696 1295 2773; baseline 0 -17"><span class='ocrx_word' id='word_1_186' title='bbox 188 2699 219 2756; x_wconf 90' lang='lat' dir='ltr'><strong>in</strong></span> <span class='ocrx_word' id='word_1_187' title='bbox 230 2697 323 2756; x_wconf 85' lang='lat' dir='ltr'><strong>Cand.</strong></span> <span class='ocrx_word' id='word_1_188' title='bbox 336 2696 438 2754; x_wconf 86' lang='lat' dir='ltr'><strong>Prodr.</strong></span> <span class='ocrx_word' id='word_1_189' title='bbox 450 2715 480 2754; x_wconf 72' lang='lat' dir='ltr'><strong>x.</strong></span> <span class='ocrx_word' id='word_1_190' title='bbox 492 2700 551 2755; x_wconf 83' lang='lat'><strong>462</strong></span> <span class='ocrx_word' id='word_1_191' title='bbox 562 2719 570 2763; x_wconf 91' lang='lat'>;</span> <span class='ocrx_word' id='word_1_192' title='bbox 589 2697 622 2756; x_wconf 83' lang='lat' dir='ltr'><strong>J.</strong></span> <span class='ocrx_word' id='word_1_193' title='bbox 634 2697 731 2755; x_wconf 83' lang='lat' dir='ltr'><strong>Hoolr.</strong></span> <span class='ocrx_word' id='word_1_194' title='bbox 742 2697 822 2755; x_wconf 85' lang='lat' dir='ltr'><strong>Flor.</strong></span> <span class='ocrx_word' id='word_1_195' title='bbox 834 2696 868 2755; x_wconf 83' lang='lat' dir='ltr'><strong>of</strong></span> <span class='ocrx_word' id='word_1_196' title='bbox 874 2698 951 2756; x_wconf 89' lang='lat' dir='ltr'><strong>New</strong></span> <span class='ocrx_word' id='word_1_197' title='bbox 962 2698 1039 2756; x_wconf 89' lang='lat' dir='ltr'><strong>Zeal.</strong></span> <span class='ocrx_word' id='word_1_198' title='bbox 1052 2699 1072 2755; x_wconf 91' lang='lat' dir='ltr'><strong>i.</strong></span> <span class='ocrx_word' id='word_1_199' title='bbox 1087 2699 1168 2773; x_wconf 84' lang='grc'>194),</span> <span class='ocrx_word' id='word_1_200' title='bbox 1178 2699 1295 2757; x_wconf 79' lang='lat' dir='ltr'><strong>&#39;recedit</strong></span> 
     </span>
     <span class='ocr_line' id='line_1_28' title="bbox 188 2777 1291 2854; baseline 0.001 -17"><span class='ocrx_word' id='word_1_201' title='bbox 188 2787 317 2838; x_wconf 91' lang='lat' dir='ltr'><strong>attamen</strong></span> <span class='ocrx_word' id='word_1_202' title='bbox 327 2777 391 2852; x_wconf 89' lang='lat' dir='ltr'><strong>jam</strong></span> <span class='ocrx_word' id='word_1_203' title='bbox 405 2777 514 2854; x_wconf 87' lang='lat' dir='ltr'><strong>calycis</strong></span> <span class='ocrx_word' id='word_1_204' title='bbox 528 2778 673 2836; x_wconf 83' lang='lat' dir='ltr'><strong>divisione</strong></span> <span class='ocrx_word' id='word_1_205' title='bbox 688 2777 832 2854; x_wconf 86' lang='lat' dir='ltr'><strong>quinario.</strong></span> <span class='ocrx_word' id='word_1_206' title='bbox 875 2778 906 2835; x_wconf 81' lang='lat' dir='ltr'>A</span> <span class='ocrx_word' id='word_1_207' title='bbox 916 2778 1103 2837; x_wconf 86' lang='lat' dir='ltr'><strong>Calorhabdo</strong></span> <span class='ocrx_word' id='word_1_208' title='bbox 1116 2778 1291 2838; x_wconf 75' lang='lat' dir='ltr'><strong>differt‘sta·</strong></span> 
     </span>
     <span class='ocr_line' id='line_1_29' title="bbox 189 2858 1293 2934; baseline 0.001 -17"><span class='ocrx_word' id='word_1_209' title='bbox 189 2859 302 2917; x_wconf 91' lang='lat' dir='ltr'><strong>minum</strong></span> <span class='ocrx_word' id='word_1_210' title='bbox 316 2859 469 2927; x_wconf 88' lang='lat' dir='ltr'><strong>brevitate,</strong></span> <span class='ocrx_word' id='word_1_211' title='bbox 486 2859 616 2916; x_wconf 85' lang='lat' dir='ltr'><strong>antherae</strong></span> <span class='ocrx_word' id='word_1_212' title='bbox 629 2858 733 2916; x_wconf 87' lang='lat' dir='ltr'><strong>loculis</strong></span> <span class='ocrx_word' id='word_1_213' title='bbox 752 2859 983 2933; x_wconf 86' lang='lat' dir='ltr'><strong>divergentibus,</strong></span> <span class='ocrx_word' id='word_1_214' title='bbox 998 2859 1137 2934; x_wconf 87' lang='lat' dir='ltr'><strong>stigmate</strong></span> <span class='ocrx_word' id='word_1_215' title='bbox 1152 2860 1293 2918; x_wconf 87' lang='lat' dir='ltr'><strong>distincto</strong></span> 
     </span>
     <span class='ocr_line' id='line_1_30' title="bbox 189 2937 1294 3014; baseline 0.001 -17"><span class='ocrx_word' id='word_1_216' title='bbox 189 2947 220 2997; x_wconf 87' lang='lat' dir='ltr'><strong>et</strong></span> <span class='ocrx_word' id='word_1_217' title='bbox 234 2939 312 2997; x_wconf 82' lang='lat' dir='ltr'><strong>soliis</strong></span> <span class='ocrx_word' id='word_1_218' title='bbox 324 2938 483 3014; x_wconf 91' lang='lat' dir='ltr'><strong>oppositis;</strong></span> <span class='ocrx_word' id='word_1_219' title='bbox 498 2937 535 2996; x_wconf 89' lang='lat' dir='ltr'><strong>ab</strong></span> <span class='ocrx_word' id='word_1_220' title='bbox 544 2939 674 3013; x_wconf 84' lang='lat' dir='ltr'><strong>Aragos,</strong></span> <span class='ocrx_word' id='word_1_221' title='bbox 684 2939 732 2995; x_wconf 90' lang='lat' dir='ltr'><strong>cui</strong></span> <span class='ocrx_word' id='word_1_222' title='bbox 743 2939 837 3014; x_wconf 89' lang='lat' dir='ltr'><strong>magis</strong></span> <span class='ocrx_word' id='word_1_223' title='bbox 851 2939 954 2996; x_wconf 89' lang='lat' dir='ltr'><strong>habitu</strong></span> <span class='ocrx_word' id='word_1_224' title='bbox 966 2941 1106 2997; x_wconf 92' lang='lat' dir='ltr'><strong>convenit</strong></span> <span class='ocrx_word' id='word_1_225' title='bbox 1116 2941 1294 2998; x_wconf 83' lang='lat' dir='ltr'><strong>staminibus</strong></span> 
     </span>
     <span class='ocr_line' id='line_1_31' title="bbox 190 3016 1293 3085; baseline 0.001 -7"><span class='ocrx_word' id='word_1_226' title='bbox 190 3020 302 3078; x_wconf 88' lang='lat' dir='ltr'><strong>duobus</strong></span> <span class='ocrx_word' id='word_1_227' title='bbox 314 3027 343 3076; x_wconf 91' lang='lat' dir='ltr'><strong>et</strong></span> <span class='ocrx_word' id='word_1_228' title='bbox 358 3016 518 3076; x_wconf 90' lang='lat' dir='ltr'><strong>seminibus</strong></span> <span class='ocrx_word' id='word_1_229' title='bbox 531 3018 694 3076; x_wconf 89' lang='lat' dir='ltr'><strong>numerosis</strong></span> <span class='ocrx_word' id='word_1_230' title='bbox 708 3018 834 3076; x_wconf 85' lang='lat' dir='ltr'><strong>exulatis</strong></span> <span class='ocrx_word' id='word_1_231' title='bbox 846 3040 854 3085; x_wconf 91' lang='lat'>;</span> <span class='ocrx_word' id='word_1_232' title='bbox 876 3018 913 3077; x_wconf 90' lang='lat' dir='ltr'><strong>ab</strong></span> <span class='ocrx_word' id='word_1_233' title='bbox 923 3019 1042 3078; x_wconf 86' lang='lat' dir='ltr'><strong>Ourisia</strong></span> <span class='ocrx_word' id='word_1_234' title='bbox 1057 3020 1159 3077; x_wconf 90' lang='lat' dir='ltr'><strong>itidem</strong></span> <span class='ocrx_word' id='word_1_235' title='bbox 1169 3038 1293 3079; x_wconf 89' lang='lat' dir='ltr'><strong>numero</strong></span> 
     </span>
     <span class='ocr_line' id='line_1_32' title="bbox 189 3098 1294 3177; baseline 0 -18"><span class='ocrx_word' id='word_1_236' title='bbox 189 3101 347 3159; x_wconf 88' lang='lat' dir='ltr'><strong>staminum</strong></span> <span class='ocrx_word' id='word_1_237' title='bbox 364 3106 395 3157; x_wconf 91' lang='lat' dir='ltr'><strong>et</strong></span> <span class='ocrx_word' id='word_1_238' title='bbox 413 3101 538 3175; x_wconf 87' lang='lat' dir='ltr'><strong>capsulae</strong></span> <span class='ocrx_word' id='word_1_239' title='bbox 558 3107 708 3158; x_wconf 87' lang='lat' dir='ltr'><strong>structura</strong></span> <span class='ocrx_word' id='word_1_240' title='bbox 714 3119 723 3166; x_wconf 75' lang='grc' dir='ltr'><strong><em>ς</em></strong></span> <span class='ocrx_word' id='word_1_241' title='bbox 744 3098 870 3174; x_wconf 80' lang='lat' dir='ltr'><strong>&lt;lenique</strong></span> <span class='ocrx_word' id='word_1_242' title='bbox 884 3101 921 3158; x_wconf 90' lang='lat' dir='ltr'><strong>ab</strong></span> <span class='ocrx_word' id='word_1_243' title='bbox 934 3100 1016 3158; x_wconf 88' lang='lat' dir='ltr'><strong>hisce</strong></span> <span class='ocrx_word' id='word_1_244' title='bbox 1034 3101 1170 3158; x_wconf 84' lang='lat' dir='ltr'><strong>omnibus</strong></span> <span class='ocrx_word' id='word_1_245' title='bbox 1191 3101 1294 3177; x_wconf 88' lang='lat' dir='ltr'><strong>calyce</strong></span> 
     </span>
     <span class='ocr_line' id='line_1_33' title="bbox 189 3183 378 3240; baseline -0.011 0"><span class='ocrx_word' id='word_1_246' title='bbox 189 3183 378 3240; x_wconf 89' lang='lat' dir='ltr'><strong>bibracteato.</strong></span> 
     </span>
    </p>
   </div>
   <div class='ocr_carea' id='block_1_3' title="bbox 635 3281 843 3343">
    <p class='ocr_par' dir='ltr' id='par_1_7' title="bbox 635 3281 843 3343">
     <span class='ocr_line' id='line_1_34' title="bbox 635 3281 843 3343; baseline -0.005 0"><span class='ocrx_word' id='word_1_247' title='bbox 635 3281 843 3343; x_wconf 76' lang='lat' dir='ltr'><strong>Soannacnn.</strong></span> 
     </span>
    </p>
   </div>
   <div class='ocr_carea' id='block_1_4' title="bbox 538 3388 938 3556">
    <p class='ocr_par' dir='ltr' id='par_1_8' title="bbox 538 3388 938 3556">
     <span class='ocr_line' id='line_1_35' title="bbox 538 3388 938 3468; baseline 0 -20"><span class='ocrx_word' id='word_1_248' title='bbox 538 3388 733 3449; x_wconf 82' lang='lat' dir='ltr'><strong>Antbocercia</strong></span> <span class='ocrx_word' id='word_1_249' title='bbox 745 3389 938 3468; x_wconf 82' lang='lat' dir='ltr'><strong>Hopwoodii.</strong></span> 
     </span>
     <span class='ocr_line' id='line_1_36' title="bbox 589 3492 893 3556; baseline 0 -14"><span class='ocrx_word' id='word_1_250' title='bbox 589 3492 669 3556; x_wconf 85' lang='lat' dir='ltr'><strong>(Sect.</strong></span> <span class='ocrx_word' id='word_1_251' title='bbox 683 3492 893 3556; x_wconf 85' lang='lat' dir='ltr'><strong>Cyphanthera)</strong></span> 
     </span>
    </p>
   </div>
   <div class='ocr_carea' id='block_1_5' title="bbox 171 3584 1294 4467">
    <p class='ocr_par' dir='ltr' id='par_1_9' title="bbox 191 3584 1294 4049">
     <span class='ocr_line' id='line_1_37' title="bbox 232 3584 1293 3662; baseline -0.004 -17"><span class='ocrx_word' id='word_1_252' title='bbox 232 3584 353 3659; x_wconf 83' lang='lat' dir='ltr'><strong>Glabra,</strong></span> <span class='ocrx_word' id='word_1_253' title='bbox 375 3585 503 3656; x_wconf 88' lang='lat' dir='ltr'><strong>inermis,</strong></span> <span class='ocrx_word' id='word_1_254' title='bbox 518 3585 611 3662; x_wconf 82' lang='lat' dir='ltr'><strong>foliis</strong></span> <span class='ocrx_word' id='word_1_255' title='bbox 629 3584 950 3662; x_wconf 66' lang='lat' dir='ltr'><strong>elongato-linearibus</strong></span> <span class='ocrx_word' id='word_1_256' title='bbox 968 3585 1063 3643; x_wconf 85' lang='lat' dir='ltr'><strong>acutia</strong></span> <span class='ocrx_word' id='word_1_257' title='bbox 1085 3585 1293 3642; x_wconf 87' lang='lat' dir='ltr'><strong>decurvo-mu·</strong></span> 
     </span>
     <span class='ocr_line' id='line_1_38' title="bbox 192 3664 1294 3742; baseline -0.004 -17"><span class='ocrx_word' id='word_1_258' title='bbox 192 3666 351 3725; x_wconf 90' lang='lat' dir='ltr'><strong>cronnlatis</strong></span> <span class='ocrx_word' id='word_1_259' title='bbox 365 3667 461 3742; x_wconf 91' lang='lat' dir='ltr'><strong>planis</strong></span> <span class='ocrx_word' id='word_1_260' title='bbox 475 3666 592 3724; x_wconf 87' lang='lat' dir='ltr'><strong>demum</strong></span> <span class='ocrx_word' id='word_1_261' title='bbox 611 3668 745 3742; x_wconf 84' lang='lat' dir='ltr'><strong>margine</strong></span> <span class='ocrx_word' id='word_1_262' title='bbox 759 3665 929 3741; x_wconf 83' lang='lat' dir='ltr'><strong>imperfecta</strong></span> <span class='ocrx_word' id='word_1_263' title='bbox 943 3665 1094 3735; x_wconf 88' lang='lat' dir='ltr'><strong>revolutis,</strong></span> <span class='ocrx_word' id='word_1_264' title='bbox 1110 3666 1203 3741; x_wconf 85' lang='lat' dir='ltr'><strong>cymis</strong></span> <span class='ocrx_word' id='word_1_265' title='bbox 1218 3664 1294 3721; x_wconf 87' lang='lat' dir='ltr'><strong>axil-</strong></span> 
     </span>
     <span class='ocr_line' id='line_1_39' title="bbox 192 3744 1294 3823; baseline -0.002 -19"><span class='ocrx_word' id='word_1_266' title='bbox 192 3747 302 3805; x_wconf 89' lang='lat' dir='ltr'><strong>laribus</strong></span> <span class='ocrx_word' id='word_1_267' title='bbox 317 3756 346 3804; x_wconf 92' lang='lat' dir='ltr'><strong>et</strong></span> <span class='ocrx_word' id='word_1_268' title='bbox 361 3746 571 3816; x_wconf 87' lang='lat' dir='ltr'><strong>terminalibus,</strong></span> <span class='ocrx_word' id='word_1_269' title='bbox 589 3747 699 3823; x_wconf 86' lang='lat' dir='ltr'><strong>calycis</strong></span> <span class='ocrx_word' id='word_1_270' title='bbox 713 3747 799 3822; x_wconf 90' lang='lat' dir='ltr'><strong>parvi</strong></span> <span class='ocrx_word' id='word_1_271' title='bbox 810 3747 947 3804; x_wconf 90' lang='lat' dir='ltr'><strong>dentibus</strong></span> <span class='ocrx_word' id='word_1_272' title='bbox 957 3748 1039 3821; x_wconf 88' lang='lat' dir='ltr'><strong>paene</strong></span> <span class='ocrx_word' id='word_1_273' title='bbox 1054 3744 1209 3802; x_wconf 89' lang='lat' dir='ltr'><strong>deltoideis</strong></span> <span class='ocrx_word' id='word_1_274' title='bbox 1223 3745 1294 3802; x_wconf 90' lang='lat' dir='ltr'><strong>tubo</strong></span> 
     </span>
     <span class='ocr_line' id='line_1_40' title="bbox 192 3824 1292 3896; baseline -0.005 -10"><span class='ocrx_word' id='word_1_275' title='bbox 192 3827 385 3896; x_wconf 86' lang='lat' dir='ltr'><strong>brevioribus,</strong></span> <span class='ocrx_word' id='word_1_276' title='bbox 401 3825 519 3885; x_wconf 79' lang='lat' dir='ltr'><strong>corolloe</strong></span> <span class='ocrx_word' id='word_1_277' title='bbox 533 3826 608 3886; x_wconf 81' lang='lat' dir='ltr'><strong>iobis</strong></span> <span class='ocrx_word' id='word_1_278' title='bbox 622 3827 789 3885; x_wconf 79' lang='lat' dir='ltr'><strong>seminantis</strong></span> <span class='ocrx_word' id='word_1_279' title='bbox 800 3836 829 3884; x_wconf 82' lang='lat' dir='ltr'><strong>et</strong></span> <span class='ocrx_word' id='word_1_280' title='bbox 838 3827 1007 3884; x_wconf 80' lang='lat' dir='ltr'><strong>rotundatis</strong></span> <span class='ocrx_word' id='word_1_281' title='bbox 1017 3824 1089 3883; x_wconf 88' lang='lat' dir='ltr'><strong>tubo</strong></span> <span class='ocrx_word' id='word_1_282' title='bbox 1100 3825 1292 3894; x_wconf 88' lang='lat' dir='ltr'><strong>brevioribus,</strong></span> 
     </span>
     <span class='ocr_line' id='line_1_41' title="bbox 192 3905 1291 3976; baseline -0.005 -9"><span class='ocrx_word' id='word_1_283' title='bbox 192 3909 324 3967; x_wconf 88' lang='lat' dir='ltr'><strong>antheria</strong></span> <span class='ocrx_word' id='word_1_284' title='bbox 346 3906 542 3976; x_wconf 90' lang='lat' dir='ltr'><strong>uniloculatis,</strong></span> <span class='ocrx_word' id='word_1_285' title='bbox 563 3909 714 3966; x_wconf 90' lang='lat' dir='ltr'><strong>filamento</strong></span> <span class='ocrx_word' id='word_1_286' title='bbox 735 3906 947 3964; x_wconf 88' lang='lat' dir='ltr'><strong>rudimentorio</strong></span> <span class='ocrx_word' id='word_1_287' title='bbox 969 3906 1142 3965; x_wconf 88' lang='lat' dir='ltr'><strong>brevissimo</strong></span> <span class='ocrx_word' id='word_1_288' title='bbox 1171 3905 1291 3962; x_wconf 87' lang='lat' dir='ltr'><strong>anthera</strong></span> 
     </span>
     <span class='ocr_line' id='line_1_42' title="bbox 191 3991 303 4049; baseline -0.009 0"><span class='ocrx_word' id='word_1_289' title='bbox 191 3991 303 4049; x_wconf 84' lang='lat' dir='ltr'><strong>orbate.</strong></span> 
     </span>
    </p>

    <p class='ocr_par' dir='ltr' id='par_1_10' title="bbox 232 4064 1288 4145">
     <span class='ocr_line' id='line_1_43' title="bbox 232 4064 1288 4145; baseline -0.007 -18"><span class='ocrx_word' id='word_1_290' title='bbox 232 4070 330 4145; x_wconf 90' lang='lat' dir='ltr'><strong>Prope</strong></span> <span class='ocrx_word' id='word_1_291' title='bbox 348 4070 455 4128; x_wconf 90' lang='lat' dir='ltr'><strong>flumen</strong></span> <span class='ocrx_word' id='word_1_292' title='bbox 475 4068 602 4144; x_wconf 89' lang='lat' dir='ltr'><strong>Darling</strong></span> <span class='ocrx_word' id='word_1_293' title='bbox 625 4065 698 4143; x_wconf 87' lang='lat' dir='ltr'><strong>legit</strong></span> <span class='ocrx_word' id='word_1_294' title='bbox 716 4083 813 4123; x_wconf 85' lang='lat' dir='ltr'><strong>raram</strong></span> <span class='ocrx_word' id='word_1_295' title='bbox 834 4067 947 4125; x_wconf 91' lang='lat' dir='ltr'><strong>hancce</strong></span> <span class='ocrx_word' id='word_1_296' title='bbox 971 4067 1102 4142; x_wconf 87' lang='lat' dir='ltr'><strong>plantam</strong></span> <span class='ocrx_word' id='word_1_297' title='bbox 1118 4065 1151 4121; x_wconf 89' lang='lat' dir='ltr'><strong>in</strong></span> <span class='ocrx_word' id='word_1_298' title='bbox 1169 4064 1288 4139; x_wconf 88' lang='lat' dir='ltr'><strong>expedi·</strong></span> 
     </span>
    </p>

    <p class='ocr_par' dir='ltr' id='par_1_11' title="bbox 171 4128 889 4218">
     <span class='ocr_line' id='line_1_44' title="bbox 171 4128 889 4218; baseline -0.006 -10"><span class='ocrx_word' id='word_1_299' title='bbox 171 4128 272 4208; x_wconf 74' lang='lat' dir='ltr'><strong>’none</strong></span> <span class='ocrx_word' id='word_1_300' title='bbox 286 4150 460 4208; x_wconf 71' lang='lat' dir='ltr'><strong>victoriana</strong></span> <span class='ocrx_word' id='word_1_301' title='bbox 474 4150 585 4207; x_wconf 72' lang='lat' dir='ltr'><strong>amicus</strong></span> <span class='ocrx_word' id='word_1_302' title='bbox 600 4147 640 4204; x_wconf 86' lang='lat' dir='ltr'><strong>H.</strong></span> <span class='ocrx_word' id='word_1_303' title='bbox 655 4146 790 4218; x_wconf 67' lang='lat' dir='ltr'><strong>necno,</strong></span> <span class='ocrx_word' id='word_1_304' title='bbox 805 4146 889 4204; x_wconf 81' lang='lat' dir='ltr'><strong>nn.</strong></span> 
     </span>
    </p>

    <p class='ocr_par' dir='ltr' id='par_1_12' title="bbox 193 4225 1285 4467">
     <span class='ocr_line' id='line_1_45' title="bbox 233 4225 1284 4302; baseline -0.007 -14"><span class='ocrx_word' id='word_1_305' title='bbox 233 4232 348 4289; x_wconf 85' lang='lat' dir='ltr'><strong>Frutex</strong></span> <span class='ocrx_word' id='word_1_306' title='bbox 370 4230 567 4288; x_wconf 87' lang='lat' dir='ltr'><strong>arborescens.</strong></span> <span class='ocrx_word' id='word_1_307' title='bbox 610 4226 721 4285; x_wconf 86' lang='lat' dir='ltr'><strong>Cortex</strong></span> <span class='ocrx_word' id='word_1_308' title='bbox 746 4225 957 4302; x_wconf 83' lang='lat' dir='ltr'><strong>interpretante</strong></span> <span class='ocrx_word' id='word_1_309' title='bbox 981 4226 1137 4284; x_wconf 90' lang='lat' dir='ltr'><strong>collectore</strong></span> <span class='ocrx_word' id='word_1_310' title='bbox 1157 4243 1284 4300; x_wconf 87' lang='lat' dir='ltr'><strong>rugosus</strong></span> 
     </span>
     <span class='ocr_line' id='line_1_46' title="bbox 193 4303 1282 4382; baseline -0.006 -13"><span class='ocrx_word' id='word_1_311' title='bbox 193 4311 385 4370; x_wconf 88' lang='lat' dir='ltr'><strong>cinerasccns.</strong></span> <span class='ocrx_word' id='word_1_312' title='bbox 408 4310 493 4366; x_wconf 85' lang='lat' dir='ltr'><strong>Folia</strong></span> <span class='ocrx_word' id='word_1_313' title='bbox 506 4307 709 4376; x_wconf 78' lang='lat' dir='ltr'><strong>crassiuscula</strong></span> <span class='ocrx_word' id='word_1_314' title='bbox 725 4305 910 4382; x_wconf 83' lang='lat' dir='ltr'><strong>longitndine</strong></span> <span class='ocrx_word' id='word_1_315' title='bbox 920 4303 992 4363; x_wconf 83' lang='lat'><strong><em>2-5‘¹</em></strong></span> <span class='ocrx_word' id='word_1_316' title='bbox 1006 4306 1162 4375; x_wconf 87' lang='lat' dir='ltr'><strong>variantia,</strong></span> <span class='ocrx_word' id='word_1_317' title='bbox 1179 4312 1282 4363; x_wconf 87' lang='lat' dir='ltr'><strong>tantun</strong></span> 
     </span>
     <span class='ocr_line' id='line_1_47' title="bbox 196 4383 1285 4467; baseline -0.005 -19"><span class='ocrx_word' id='word_1_318' title='bbox 196 4389 284 4467; x_wconf 57' lang='lat' dir='ltr'><strong>l-lll</strong></span> <span class='ocrx_word' id='word_1_319' title='bbox 298 4392 365 4461; x_wconf 83' lang='lat' dir='ltr'><strong>lats,</strong></span> <span class='ocrx_word' id='word_1_320' title='bbox 382 4391 412 4447; x_wconf 92' lang='lat' dir='ltr'><strong>in</strong></span> <span class='ocrx_word' id='word_1_321' title='bbox 426 4390 509 4448; x_wconf 86' lang='lat' dir='ltr'><strong>basin</strong></span> <span class='ocrx_word' id='word_1_322' title='bbox 523 4395 553 4446; x_wconf 94' lang='lat' dir='ltr'><strong>et</strong></span> <span class='ocrx_word' id='word_1_323' title='bbox 568 4388 680 4465; x_wconf 89' lang='lat' dir='ltr'><strong>apicem</strong></span> <span class='ocrx_word' id='word_1_324' title='bbox 693 4387 840 4463; x_wconf 83' lang='lat' dir='ltr'><strong>gradatim</strong></span> <span class='ocrx_word' id='word_1_325' title='bbox 854 4393 1020 4464; x_wconf 81' lang='lat' dir='ltr'><strong>angustata.</strong></span> <span class='ocrx_word' id='word_1_326' title='bbox 1062 4385 1197 4464; x_wconf 81' lang='lat' dir='ltr'><strong>Cymnlae</strong></span> <span class='ocrx_word' id='word_1_327' title='bbox 1210 4383 1285 4462; x_wconf 66' lang='lat' dir='ltr'><strong>pani?</strong></span> 
     </span>
    </p>
   </div>
   <div class='ocr_carea' id='block_1_6' title="bbox 0 0 1487 5062">
    <p class='ocr_par' dir='ltr' id='par_1_13' title="bbox 0 0 1487 5062">
     <span class='ocr_line' id='line_1_48' title="bbox 0 0 1487 5062; baseline 0 0"><span class='ocrx_word' id='word_1_328' title='bbox 0 0 1487 5062; x_wconf 95' lang='lat' dir='ltr'><strong> </strong></span> 
     </span>
    </p>
   </div>
  </div>
 </body>
</html>
