<?xml version="1.0" encoding="UTF-8"?>
<!DOCTYPE html PUBLIC "-//W3C//DTD XHTML 1.0 Transitional//EN"
    "http://www.w3.org/TR/xhtml1/DTD/xhtml1-transitional.dtd">
<html xmlns="http://www.w3.org/1999/xhtml" xml:lang="en" lang="en">
 <head>
  <title>
</title>
<meta http-equiv="Content-Type" content="text/html;charset=utf-8" />
  <meta name='ocr-system' content='tesseract 3.04.00' />
  <meta name='ocr-capabilities' content='ocr_page ocr_carea ocr_par ocr_line ocrx_word'/>
</head>
<body>
  <div class='ocr_page' id='page_1' title='image "./fragmentaphytog00muelgoog_0188.png"; bbox 0 0 2926 5062; ppageno 0'>
   <div class='ocr_carea' id='block_1_1' title="bbox 704 532 757 592">
    <p class='ocr_par' dir='ltr' id='par_1_1' title="bbox 704 532 757 592">
     <span class='ocr_line' id='line_1_1' title="bbox 704 532 757 592; baseline 0 -3"><span class='ocrx_word' id='word_1_1' title='bbox 704 532 757 592; x_wconf 89' lang='grc'><strong>171</strong></span> 
     </span>
    </p>
   </div>
   <div class='ocr_carea' id='block_1_2' title="bbox 179 691 1283 1733">
    <p class='ocr_par' dir='ltr' id='par_1_2' title="bbox 179 691 1282 1007">
     <span class='ocr_line' id='line_1_2' title="bbox 180 691 1282 769; baseline 0.002 -23"><span class='ocrx_word' id='word_1_2' title='bbox 180 691 344 766; x_wconf 86' lang='lat' dir='ltr'><strong>praeprimis</strong></span> <span class='ocrx_word' id='word_1_3' title='bbox 358 691 447 749; x_wconf 90' lang='lat' dir='ltr'><strong>etiam</strong></span> <span class='ocrx_word' id='word_1_4' title='bbox 462 692 603 768; x_wconf 75' lang='lat' dir='ltr'><strong>glandula</strong></span> <span class='ocrx_word' id='word_1_5' title='bbox 620 693 781 769; x_wconf 86' lang='lat' dir='ltr'><strong>hypogyna</strong></span> <span class='ocrx_word' id='word_1_6' title='bbox 794 691 931 768; x_wconf 84' lang='lat' dir='ltr'><strong>perbrevi</strong></span> <span class='ocrx_word' id='word_1_7' title='bbox 949 693 1060 750; x_wconf 89' lang='lat' dir='ltr'><strong>circum</strong></span> <span class='ocrx_word' id='word_1_8' title='bbox 1075 694 1187 768; x_wconf 79' lang='lat' dir='ltr'><strong>apicem</strong></span> <span class='ocrx_word' id='word_1_9' title='bbox 1201 692 1282 768; x_wconf 90' lang='lat' dir='ltr'><strong>pedi-</strong></span> 
     </span>
     <span class='ocr_line' id='line_1_3' title="bbox 180 770 1281 849; baseline 0.002 -22"><span class='ocrx_word' id='word_1_10' title='bbox 180 770 247 827; x_wconf 90' lang='lat' dir='ltr'><strong>celli</strong></span> <span class='ocrx_word' id='word_1_11' title='bbox 259 771 376 846; x_wconf 83' lang='lat' dir='ltr'>oblique</span> <span class='ocrx_word' id='word_1_12' title='bbox 385 780 415 830; x_wconf 90' lang='lat' dir='ltr'><strong>et</strong></span> <span class='ocrx_word' id='word_1_13' title='bbox 426 771 522 848; x_wconf 89' lang='lat' dir='ltr'><strong>ample</strong></span> <span class='ocrx_word' id='word_1_14' title='bbox 532 781 703 830; x_wconf 90' lang='lat' dir='ltr'><strong>truncatum</strong></span> <span class='ocrx_word' id='word_1_15' title='bbox 713 774 744 829; x_wconf 89' lang='lat' dir='ltr'><strong>in</strong></span> <span class='ocrx_word' id='word_1_16' title='bbox 753 772 877 830; x_wconf 88' lang='lat' dir='ltr'><strong>formam</strong></span> <span class='ocrx_word' id='word_1_17' title='bbox 889 773 1139 849; x_wconf 83' lang='lat' dir='ltr'><strong>cymbae-ovalem</strong></span> <span class='ocrx_word' id='word_1_18' title='bbox 1149 780 1281 841; x_wconf 86' lang='lat' dir='ltr'><strong>extensa,</strong></span> 
     </span>
     <span class='ocr_line' id='line_1_4' title="bbox 181 852 1281 929; baseline 0.003 -22"><span class='ocrx_word' id='word_1_19' title='bbox 181 852 309 925; x_wconf 82' lang='lat' dir='ltr'><strong>capsulis</strong></span> <span class='ocrx_word' id='word_1_20' title='bbox 323 852 411 928; x_wconf 91' lang='lat' dir='ltr'><strong>paulo</strong></span> <span class='ocrx_word' id='word_1_21' title='bbox 424 852 481 926; x_wconf 90' lang='lat' dir='ltr'><strong>maj</strong></span> <span class='ocrx_word' id='word_1_22' title='bbox 485 854 592 925; x_wconf 87' lang='lat' dir='ltr'><strong>oribus,</strong></span> <span class='ocrx_word' id='word_1_23' title='bbox 605 854 731 929; x_wconf 90' lang='lat' dir='ltr'><strong>denique</strong></span> <span class='ocrx_word' id='word_1_24' title='bbox 746 854 889 910; x_wconf 90' lang='lat' dir='ltr'><strong>seminum</strong></span> <span class='ocrx_word' id='word_1_25' title='bbox 904 853 951 910; x_wconf 92' lang='lat' dir='ltr'><strong>ala</strong></span> <span class='ocrx_word' id='word_1_26' title='bbox 963 872 1056 912; x_wconf 87' lang='lat' dir='ltr'><strong>nervo</strong></span> <span class='ocrx_word' id='word_1_27' title='bbox 1069 872 1152 928; x_wconf 84' lang='lat' dir='ltr'><strong>paene</strong></span> <span class='ocrx_word' id='word_1_28' title='bbox 1166 860 1281 912; x_wconf 89' lang='lat' dir='ltr'><strong>rectan-</strong></span> 
     </span>
     <span class='ocr_line' id='line_1_5' title="bbox 179 931 413 1007; baseline 0.013 -19"><span class='ocrx_word' id='word_1_29' title='bbox 179 931 251 1006; x_wconf 88' lang='lat' dir='ltr'><strong>gulo</strong></span> <span class='ocrx_word' id='word_1_30' title='bbox 265 950 413 1007; x_wconf 88' lang='lat' dir='ltr'><strong>percursa.</strong></span> 
     </span>
    </p>

    <p class='ocr_par' dir='ltr' id='par_1_3' title="bbox 179 1011 1283 1733">
     <span class='ocr_line' id='line_1_6' title="bbox 222 1011 1283 1088; baseline 0.002 -20"><span class='ocrx_word' id='word_1_31' title='bbox 222 1011 258 1070; x_wconf 90' lang='lat' dir='ltr'><strong>T.</strong></span> <span class='ocrx_word' id='word_1_32' title='bbox 273 1019 412 1071; x_wconf 89' lang='lat' dir='ltr'><strong>truncata</strong></span> <span class='ocrx_word' id='word_1_33' title='bbox 427 1013 547 1072; x_wconf 88' lang='lat' dir='ltr'><strong>videtur</strong></span> <span class='ocrx_word' id='word_1_34' title='bbox 564 1014 795 1072; x_wconf 82' lang='lat' dir='ltr'><strong>discriminanda</strong></span> <span class='ocrx_word' id='word_1_35' title='bbox 813 1014 934 1071; x_wconf 88' lang='lat' dir='ltr'><strong>ramulis</strong></span> <span class='ocrx_word' id='word_1_36' title='bbox 948 1021 979 1072; x_wconf 91' lang='lat' dir='ltr'><strong>et</strong></span> <span class='ocrx_word' id='word_1_37' title='bbox 992 1014 1141 1072; x_wconf 86' lang='lat' dir='ltr'><strong>involucri</strong></span> <span class='ocrx_word' id='word_1_38' title='bbox 1154 1013 1283 1088; x_wconf 86' lang='lat' dir='ltr'><strong>squamis</strong></span> 
     </span>
     <span class='ocr_line' id='line_1_7' title="bbox 180 1092 1282 1170; baseline 0.003 -22"><span class='ocrx_word' id='word_1_39' title='bbox 180 1092 510 1164; x_wconf 71' lang='lat' dir='ltr'><strong>velutinotomentosis,</strong></span> <span class='ocrx_word' id='word_1_40' title='bbox 523 1094 602 1151; x_wconf 89' lang='lat' dir='ltr'><strong>foliis</strong></span> <span class='ocrx_word' id='word_1_41' title='bbox 617 1095 795 1168; x_wconf 89' lang='lat' dir='ltr'><strong>floribusque</strong></span> <span class='ocrx_word' id='word_1_42' title='bbox 810 1113 886 1170; x_wconf 85' lang='lat' dir='ltr'><strong>saepe</strong></span> <span class='ocrx_word' id='word_1_43' title='bbox 896 1095 1067 1166; x_wconf 87' lang='lat' dir='ltr'><strong>minoribus,</strong></span> <span class='ocrx_word' id='word_1_44' title='bbox 1078 1096 1206 1153; x_wconf 82' lang='lat' dir='ltr'><strong>bracteis</strong></span> <span class='ocrx_word' id='word_1_45' title='bbox 1216 1094 1282 1151; x_wconf 91' lang='lat' dir='ltr'><strong>bre·</strong></span> 
     </span>
     <span class='ocr_line' id='line_1_8' title="bbox 180 1173 1282 1251; baseline 0.002 -22"><span class='ocrx_word' id='word_1_46' title='bbox 180 1173 321 1244; x_wconf 79' lang='lat' dir='ltr'><strong>rioribus,</strong></span> <span class='ocrx_word' id='word_1_47' title='bbox 336 1174 487 1249; x_wconf 88' lang='lat' dir='ltr'><strong>pedicellis</strong></span> <span class='ocrx_word' id='word_1_48' title='bbox 502 1175 700 1249; x_wconf 89' lang='lat' dir='ltr'><strong>superioribus</strong></span> <span class='ocrx_word' id='word_1_49' title='bbox 717 1174 908 1251; x_wconf 84' lang='lat' dir='ltr'><strong>longioribus,</strong></span> <span class='ocrx_word' id='word_1_50' title='bbox 930 1175 1079 1251; x_wconf 87' lang='lat' dir='ltr'><strong>calycibus</strong></span> <span class='ocrx_word' id='word_1_51' title='bbox 1093 1175 1160 1232; x_wconf 86' lang='lat' dir='ltr'><strong>laete</strong></span> <span class='ocrx_word' id='word_1_52' title='bbox 1176 1174 1282 1244; x_wconf 90' lang='lat' dir='ltr'><strong>rubris,</strong></span> 
     </span>
     <span class='ocr_line' id='line_1_9' title="bbox 179 1252 1281 1331; baseline 0.002 -22"><span class='ocrx_word' id='word_1_53' title='bbox 179 1252 321 1327; x_wconf 89' lang='lat' dir='ltr'><strong>glandula</strong></span> <span class='ocrx_word' id='word_1_54' title='bbox 334 1254 495 1331; x_wconf 89' lang='lat' dir='ltr'><strong>hypogyna</strong></span> <span class='ocrx_word' id='word_1_55' title='bbox 508 1256 643 1313; x_wconf 89' lang='lat' dir='ltr'><strong>breviore</strong></span> <span class='ocrx_word' id='word_1_56' title='bbox 656 1256 772 1313; x_wconf 92' lang='lat' dir='ltr'><strong>etiamsi</strong></span> <span class='ocrx_word' id='word_1_57' title='bbox 783 1256 878 1313; x_wconf 91' lang='lat' dir='ltr'><strong>eidem</strong></span> <span class='ocrx_word' id='word_1_58' title='bbox 890 1254 926 1312; x_wconf 89' lang='lat' dir='ltr'><strong>T.</strong></span> <span class='ocrx_word' id='word_1_59' title='bbox 938 1256 1052 1314; x_wconf 86' lang='lat' dir='ltr'><strong>orcadis</strong></span> <span class='ocrx_word' id='word_1_60' title='bbox 1067 1260 1114 1313; x_wconf 85' lang='lat' dir='ltr'><strong>sat</strong></span> <span class='ocrx_word' id='word_1_61' title='bbox 1129 1255 1281 1313; x_wconf 88' lang='lat' dir='ltr'><strong>conformi.</strong></span> 
     </span>
     <span class='ocr_line' id='line_1_10' title="bbox 180 1332 1283 1411; baseline 0.003 -22"><span class='ocrx_word' id='word_1_62' title='bbox 180 1332 253 1390; x_wconf 92' lang='lat' dir='ltr'><strong>Vidi</strong></span> <span class='ocrx_word' id='word_1_63' title='bbox 272 1340 370 1392; x_wconf 91' lang='lat' dir='ltr'><strong>autem</strong></span> <span class='ocrx_word' id='word_1_64' title='bbox 389 1335 426 1392; x_wconf 90' lang='lat' dir='ltr'><strong>T.</strong></span> <span class='ocrx_word' id='word_1_65' title='bbox 446 1342 589 1394; x_wconf 86' lang='lat' dir='ltr'><strong>truncatae</strong></span> <span class='ocrx_word' id='word_1_66' title='bbox 612 1336 773 1410; x_wconf 83' lang='lat' dir='ltr'><strong>specimina</strong></span> <span class='ocrx_word' id='word_1_67' title='bbox 795 1335 965 1411; x_wconf 89' lang='lat' dir='ltr'><strong>regionibus</strong></span> <span class='ocrx_word' id='word_1_68' title='bbox 987 1336 1176 1411; x_wconf 84' lang='lat' dir='ltr'><strong>praehumidis</strong></span> <span class='ocrx_word' id='word_1_69' title='bbox 1192 1335 1283 1409; x_wconf 89' lang='lat' dir='ltr'><strong>juxta</strong></span> 
     </span>
     <span class='ocr_line' id='line_1_11' title="bbox 182 1411 1283 1491; baseline -0.001 -18"><span class='ocrx_word' id='word_1_70' title='bbox 182 1411 344 1489; x_wconf 86' lang='lat' dir='ltr'><strong>Southport</strong></span> <span class='ocrx_word' id='word_1_71' title='bbox 358 1422 453 1484; x_wconf 87' lang='lat' dir='ltr'><strong>enata,</strong></span> <span class='ocrx_word' id='word_1_72' title='bbox 468 1435 533 1490; x_wconf 86' lang='lat' dir='ltr'><strong>quae</strong></span> <span class='ocrx_word' id='word_1_73' title='bbox 547 1415 619 1473; x_wconf 89' lang='lat' dir='ltr'><strong>folia</strong></span> <span class='ocrx_word' id='word_1_74' title='bbox 632 1417 791 1474; x_wconf 89' lang='lat' dir='ltr'><strong>ostendunt</strong></span> <span class='ocrx_word' id='word_1_75' title='bbox 806 1416 996 1490; x_wconf 85' lang='lat' dir='ltr'><strong>semipedalia</strong></span> <span class='ocrx_word' id='word_1_76' title='bbox 1009 1418 1112 1474; x_wconf 91' lang='lat' dir='ltr'><strong>arbore</strong></span> <span class='ocrx_word' id='word_1_77' title='bbox 1132 1416 1283 1491; x_wconf 90' lang='lat' dir='ltr'><strong>30·pedali</strong></span> 
     </span>
     <span class='ocr_line' id='line_1_12' title="bbox 179 1494 1282 1573; baseline 0.002 -21"><span class='ocrx_word' id='word_1_78' title='bbox 179 1494 323 1569; x_wconf 89' lang='lat' dir='ltr'><strong>producta</strong></span> <span class='ocrx_word' id='word_1_79' title='bbox 342 1496 456 1570; x_wconf 88' lang='lat' dir='ltr'><strong>apicem</strong></span> <span class='ocrx_word' id='word_1_80' title='bbox 476 1515 579 1554; x_wconf 87' lang='lat' dir='ltr'><strong>versus</strong></span> <span class='ocrx_word' id='word_1_81' title='bbox 593 1497 702 1573; x_wconf 89' lang='lat' dir='ltr'><strong>passim</strong></span> <span class='ocrx_word' id='word_1_82' title='bbox 721 1497 925 1572; x_wconf 86' lang='lat' dir='ltr'><strong>irregulariter</strong></span> <span class='ocrx_word' id='word_1_83' title='bbox 938 1497 1067 1555; x_wconf 86' lang='lat' dir='ltr'><strong>dentata.</strong></span> <span class='ocrx_word' id='word_1_84' title='bbox 1110 1497 1146 1555; x_wconf 89' lang='lat' dir='ltr'><strong>T.</strong></span> <span class='ocrx_word' id='word_1_85' title='bbox 1161 1497 1282 1554; x_wconf 91' lang='lat' dir='ltr'><strong>oreades</strong></span> 
     </span>
     <span class='ocr_line' id='line_1_13' title="bbox 179 1575 1282 1653; baseline 0.003 -22"><span class='ocrx_word' id='word_1_86' title='bbox 179 1575 273 1650; x_wconf 90' lang='lat' dir='ltr'><strong>igitur</strong></span> <span class='ocrx_word' id='word_1_87' title='bbox 286 1577 451 1652; x_wconf 87' lang='lat' dir='ltr'><strong>proximius</strong></span> <span class='ocrx_word' id='word_1_88' title='bbox 462 1583 522 1634; x_wconf 91' lang='lat' dir='ltr'><strong>stat</strong></span> <span class='ocrx_word' id='word_1_89' title='bbox 532 1576 568 1634; x_wconf 94' lang='lat' dir='ltr'><strong>T.</strong></span> <span class='ocrx_word' id='word_1_90' title='bbox 580 1584 724 1635; x_wconf 87' lang='lat' dir='ltr'><strong>truncatae</strong></span> <span class='ocrx_word' id='word_1_91' title='bbox 737 1596 826 1651; x_wconf 88' lang='lat' dir='ltr'><strong>quarn</strong></span> <span class='ocrx_word' id='word_1_92' title='bbox 841 1576 876 1634; x_wconf 91' lang='lat' dir='ltr'><strong>T.</strong></span> <span class='ocrx_word' id='word_1_93' title='bbox 891 1579 1119 1652; x_wconf 72' lang='lat' dir='ltr'><strong>speciosissima,</strong></span> <span class='ocrx_word' id='word_1_94' title='bbox 1132 1585 1162 1636; x_wconf 90' lang='lat' dir='ltr'><strong>et</strong></span> <span class='ocrx_word' id='word_1_95' title='bbox 1176 1578 1282 1653; x_wconf 90' lang='lat' dir='ltr'><strong>prioris</strong></span> 
     </span>
     <span class='ocr_line' id='line_1_14' title="bbox 181 1655 1149 1733; baseline 0.002 -20"><span class='ocrx_word' id='word_1_96' title='bbox 181 1655 375 1714; x_wconf 87' lang='lat' dir='ltr'><strong>varietatibus</strong></span> <span class='ocrx_word' id='word_1_97' title='bbox 389 1658 460 1714; x_wconf 92' lang='lat' dir='ltr'><strong>dum</strong></span> <span class='ocrx_word' id='word_1_98' title='bbox 473 1656 578 1714; x_wconf 87' lang='lat' dir='ltr'><strong>melius</strong></span> <span class='ocrx_word' id='word_1_99' title='bbox 592 1657 720 1733; x_wconf 84' lang='lat' dir='ltr'><strong>cognitis</strong></span> <span class='ocrx_word' id='word_1_100' title='bbox 734 1656 834 1714; x_wconf 84' lang='lat' dir='ltr'><strong>forsan</strong></span> <span class='ocrx_word' id='word_1_101' title='bbox 848 1659 1068 1716; x_wconf 88' lang='lat' dir='ltr'><strong>adnumeranda</strong></span> <span class='ocrx_word' id='word_1_102' title='bbox 1081 1659 1149 1715; x_wconf 89' lang='lat' dir='ltr'><strong>erit.</strong></span> 
     </span>
    </p>
   </div>
   <div class='ocr_carea' id='block_1_3' title="bbox 593 1817 871 1894">
    <p class='ocr_par' dir='ltr' id='par_1_4' title="bbox 593 1817 871 1894">
     <span class='ocr_line' id='line_1_15' title="bbox 593 1817 871 1894; baseline -0.004 -18"><span class='ocrx_word' id='word_1_103' title='bbox 593 1817 808 1894; x_wconf 68' lang='lat' dir='ltr'><strong>(indeuia—p.</strong></span> <span class='ocrx_word' id='word_1_104' title='bbox 823 1821 871 1876; x_wconf 84' lang='lat'><strong>25.</strong></span> 
     </span>
    </p>
   </div>
   <div class='ocr_carea' id='block_1_4' title="bbox 179 1911 1282 2072">
    <p class='ocr_par' dir='ltr' id='par_1_5' title="bbox 179 1911 1282 2072">
     <span class='ocr_line' id='line_1_16' title="bbox 220 1911 1282 1993; baseline 0.002 -23"><span class='ocrx_word' id='word_1_105' title='bbox 220 1911 350 1971; x_wconf 88' lang='lat' dir='ltr'><strong>Illustris</strong></span> <span class='ocrx_word' id='word_1_106' title='bbox 364 1913 518 1973; x_wconf 90' lang='lat' dir='ltr'><strong>Planchon</strong></span> <span class='ocrx_word' id='word_1_107' title='bbox 532 1915 695 1993; x_wconf 79' lang='lat' dir='ltr'><strong>hoagenus</strong></span> <span class='ocrx_word' id='word_1_108' title='bbox 707 1915 737 1972; x_wconf 91' lang='lat' dir='ltr'><strong>in</strong></span> <span class='ocrx_word' id='word_1_109' title='bbox 749 1915 890 1973; x_wconf 89' lang='lat' dir='ltr'><strong>viciniam</strong></span> <span class='ocrx_word' id='word_1_110' title='bbox 903 1915 1092 1973; x_wconf 83' lang='lat' dir='ltr'><strong>Limnanthae</strong></span> <span class='ocrx_word' id='word_1_111' title='bbox 1107 1915 1238 1975; x_wconf 87' lang='lat' dir='ltr'><strong>Surianae</strong></span> <span class='ocrx_word' id='word_1_112' title='bbox 1252 1924 1282 1974; x_wconf 88' lang='lat' dir='ltr'><strong>et</strong></span> 
     </span>
     <span class='ocr_line' id='line_1_17' title="bbox 179 1993 524 2072; baseline 0.009 -22"><span class='ocrx_word' id='word_1_113' title='bbox 179 1993 402 2053; x_wconf 86' lang='lat' dir='ltr'><strong>Biebersteiniae</strong></span> <span class='ocrx_word' id='word_1_114' title='bbox 416 1997 524 2072; x_wconf 86' lang='lat' dir='ltr'><strong>posuit.</strong></span> 
     </span>
    </p>
   </div>
   <div class='ocr_carea' id='block_1_5' title="bbox 495 2156 972 2236">
    <p class='ocr_par' dir='ltr' id='par_1_6' title="bbox 495 2156 972 2236">
     <span class='ocr_line' id='line_1_18' title="bbox 495 2156 972 2236; baseline -0.004 -20"><span class='ocrx_word' id='word_1_115' title='bbox 495 2157 637 2216; x_wconf 84' lang='lat' dir='ltr'><strong>Cadcllia</strong></span> <span class='ocrx_word' id='word_1_116' title='bbox 646 2156 908 2236; x_wconf 63' lang='lat' dir='ltr'><strong>percusistis—p.</strong></span> <span class='ocrx_word' id='word_1_117' title='bbox 924 2160 972 2216; x_wconf 92' lang='grc'><strong>26.</strong></span> 
     </span>
    </p>
   </div>
   <div class='ocr_carea' id='block_1_6' title="bbox 179 2252 1282 2491">
    <p class='ocr_par' dir='ltr' id='par_1_7' title="bbox 179 2252 1282 2491">
     <span class='ocr_line' id='line_1_19' title="bbox 221 2252 1282 2330; baseline 0.001 -18"><span class='ocrx_word' id='word_1_118' title='bbox 221 2252 334 2312; x_wconf 85' lang='lat' dir='ltr'><strong>Cortex</strong></span> <span class='ocrx_word' id='word_1_119' title='bbox 342 2260 511 2312; x_wconf 86' lang='lat' dir='ltr'><strong>transverse</strong></span> <span class='ocrx_word' id='word_1_120' title='bbox 520 2260 550 2313; x_wconf 92' lang='lat' dir='ltr'><strong>et</strong></span> <span class='ocrx_word' id='word_1_121' title='bbox 560 2253 817 2330; x_wconf 88' lang='lat' dir='ltr'><strong>longitudinaliter</strong></span> <span class='ocrx_word' id='word_1_122' title='bbox 827 2254 959 2322; x_wconf 90' lang='lat' dir='ltr'><strong>rimosus,</strong></span> <span class='ocrx_word' id='word_1_123' title='bbox 971 2253 1090 2325; x_wconf 93' lang='lat' dir='ltr'><strong>solidus,</strong></span> <span class='ocrx_word' id='word_1_124' title='bbox 1102 2255 1282 2329; x_wconf 84' lang='lat' dir='ltr'><strong>nigrescens.</strong></span> 
     </span>
     <span class='ocr_line' id='line_1_20' title="bbox 180 2332 1281 2410; baseline 0.003 -20"><span class='ocrx_word' id='word_1_125' title='bbox 180 2332 350 2391; x_wconf 88' lang='lat' dir='ltr'><strong>Alburnum</strong></span> <span class='ocrx_word' id='word_1_126' title='bbox 374 2334 530 2393; x_wconf 92' lang='lat' dir='ltr'><strong>rubellum.</strong></span> <span class='ocrx_word' id='word_1_127' title='bbox 572 2334 703 2410; x_wconf 85' lang='lat' dir='ltr'><strong>Lignum</strong></span> <span class='ocrx_word' id='word_1_128' title='bbox 723 2334 873 2410; x_wconf 90' lang='lat' dir='ltr'><strong>pallidum.</strong></span> <span class='ocrx_word' id='word_1_129' title='bbox 918 2334 1003 2391; x_wconf 89' lang='lat' dir='ltr'><strong>Folia</strong></span> <span class='ocrx_word' id='word_1_130' title='bbox 1020 2335 1057 2392; x_wconf 93' lang='lat' dir='ltr'><strong>ad</strong></span> <span class='ocrx_word' id='word_1_131' title='bbox 1075 2335 1193 2393; x_wconf 90' lang='lat' dir='ltr'><strong>unciam</strong></span> <span class='ocrx_word' id='word_1_132' title='bbox 1211 2335 1281 2393; x_wconf 91' lang='lat' dir='ltr'><strong>lata.</strong></span> 
     </span>
     <span class='ocr_line' id='line_1_21' title="bbox 179 2412 1048 2491; baseline 0.003 -21"><span class='ocrx_word' id='word_1_133' title='bbox 179 2412 344 2473; x_wconf 90' lang='lat' dir='ltr'><strong>Pedunculi</strong></span> <span class='ocrx_word' id='word_1_134' title='bbox 359 2415 469 2491; x_wconf 92' lang='lat' dir='ltr'><strong>passim</strong></span> <span class='ocrx_word' id='word_1_135' title='bbox 483 2416 652 2475; x_wconf 87' lang='lat' dir='ltr'><strong>terminales</strong></span> <span class='ocrx_word' id='word_1_136' title='bbox 666 2421 697 2475; x_wconf 92' lang='lat' dir='ltr'><strong>et</strong></span> <span class='ocrx_word' id='word_1_137' title='bbox 711 2415 1048 2490; x_wconf 79' lang='lat' dir='ltr'><strong>paniculatopluriilori.</strong></span> 
     </span>
    </p>
   </div>
   <div class='ocr_carea' id='block_1_7' title="bbox 220 2573 1008 2747">
    <p class='ocr_par' dir='ltr' id='par_1_8' title="bbox 220 2573 1008 2747">
     <span class='ocr_line' id='line_1_22' title="bbox 453 2573 1008 2653; baseline 0.005 -21"><span class='ocrx_word' id='word_1_138' title='bbox 453 2575 648 2634; x_wconf 81' lang='lat' dir='ltr'><strong>Bcckhousia</strong></span> <span class='ocrx_word' id='word_1_139' title='bbox 661 2573 942 2653; x_wconf 78' lang='lat' dir='ltr'><strong>aciadophora.-p.</strong></span> <span class='ocrx_word' id='word_1_140' title='bbox 959 2577 1008 2635; x_wconf 82' lang='lat'><strong>26.</strong></span> 
     </span>
     <span class='ocr_line' id='line_1_23' title="bbox 220 2671 840 2747; baseline -0.002 -18"><span class='ocrx_word' id='word_1_141' title='bbox 220 2672 317 2747; x_wconf 86' lang='lat' dir='ltr'><strong>Prope</strong></span> <span class='ocrx_word' id='word_1_142' title='bbox 331 2673 434 2731; x_wconf 88' lang='lat' dir='ltr'><strong>urbem</strong></span> <span class='ocrx_word' id='word_1_143' title='bbox 447 2671 675 2747; x_wconf 88' lang='lat' dir='ltr'><strong>Rockhamptou</strong></span> <span class='ocrx_word' id='word_1_144' title='bbox 688 2694 696 2738; x_wconf 81' lang='lat'>3</span> <span class='ocrx_word' id='word_1_145' title='bbox 717 2672 840 2728; x_wconf 90' lang='lat' dir='ltr'><strong>Thozet.</strong></span> 
     </span>
    </p>
   </div>
   <div class='ocr_carea' id='block_1_8' title="bbox 461 2829 997 2910">
    <p class='ocr_par' dir='ltr' id='par_1_9' title="bbox 461 2829 997 2910">
     <span class='ocr_line' id='line_1_24' title="bbox 461 2829 997 2910; baseline 0 -20"><span class='ocrx_word' id='word_1_146' title='bbox 461 2832 655 2910; x_wconf 74' lang='lat' dir='ltr'><strong>Eucalyptus</strong></span> <span class='ocrx_word' id='word_1_147' title='bbox 673 2829 930 2909; x_wconf 76' lang='lat' dir='ltr'><strong>culcpbylla.-p.</strong></span> <span class='ocrx_word' id='word_1_148' title='bbox 947 2833 997 2890; x_wconf 89' lang='grc'><strong>36.</strong></span> 
     </span>
    </p>
   </div>
   <div class='ocr_carea' id='block_1_9' title="bbox 178 2927 1282 3328">
    <p class='ocr_par' dir='ltr' id='par_1_10' title="bbox 178 2927 1282 3328">
     <span class='ocr_line' id='line_1_25' title="bbox 220 2927 1282 3004; baseline 0.002 -18"><span class='ocrx_word' id='word_1_149' title='bbox 220 2929 349 2988; x_wconf 86' lang='lat' dir='ltr'><strong>Fructus</strong></span> <span class='ocrx_word' id='word_1_150' title='bbox 373 2947 584 3004; x_wconf 92' lang='lat' dir='ltr'><strong>nonnunquam</strong></span> <span class='ocrx_word' id='word_1_151' title='bbox 611 2928 718 2988; x_wconf 91' lang='lat' dir='ltr'><strong>leniter</strong></span> <span class='ocrx_word' id='word_1_152' title='bbox 746 2928 860 2986; x_wconf 90' lang='lat' dir='ltr'><strong>costati.</strong></span> <span class='ocrx_word' id='word_1_153' title='bbox 915 2927 1035 2986; x_wconf 90' lang='lat' dir='ltr'><strong>Semina</strong></span> <span class='ocrx_word' id='word_1_154' title='bbox 1061 2928 1169 3002; x_wconf 88' lang='lat' dir='ltr'><strong>passim</strong></span> <span class='ocrx_word' id='word_1_155' title='bbox 1194 2928 1282 2988; x_wconf 87' lang='lat' dir='ltr'><strong>valdo</strong></span> 
     </span>
     <span class='ocr_line' id='line_1_26' title="bbox 179 3008 1281 3086; baseline -0.001 -18"><span class='ocrx_word' id='word_1_156' title='bbox 179 3028 352 3086; x_wconf 86' lang='lat' dir='ltr'><strong>compressa,</strong></span> <span class='ocrx_word' id='word_1_157' title='bbox 362 3010 471 3086; x_wconf 89' lang='lat' dir='ltr'><strong>passim</strong></span> <span class='ocrx_word' id='word_1_158' title='bbox 480 3016 624 3068; x_wconf 88' lang='lat' dir='ltr'><strong>truncata</strong></span> <span class='ocrx_word' id='word_1_159' title='bbox 654 3009 740 3067; x_wconf 86' lang='lat' dir='ltr'><strong>Folia</strong></span> <span class='ocrx_word' id='word_1_160' title='bbox 747 3009 1081 3085; x_wconf 88' lang='lat' dir='ltr'><strong>propaginumetrunco</strong></span> <span class='ocrx_word' id='word_1_161' title='bbox 1090 3008 1281 3067; x_wconf 89' lang='lat' dir='ltr'><strong>oriundarum</strong></span> 
     </span>
     <span class='ocr_line' id='line_1_27' title="bbox 179 3088 1281 3167; baseline 0 -19"><span class='ocrx_word' id='word_1_162' title='bbox 179 3090 301 3162; x_wconf 90' lang='lat' dir='ltr'><strong>alterna,</strong></span> <span class='ocrx_word' id='word_1_163' title='bbox 321 3090 505 3159; x_wconf 88' lang='lat' dir='ltr'><strong>lanceolata;</strong></span> <span class='ocrx_word' id='word_1_164' title='bbox 524 3109 560 3149; x_wconf 90' lang='lat' dir='ltr'><strong>ea</strong></span> <span class='ocrx_word' id='word_1_165' title='bbox 577 3091 686 3167; x_wconf 85' lang='lat' dir='ltr'><strong>plantae</strong></span> <span class='ocrx_word' id='word_1_166' title='bbox 706 3090 853 3147; x_wconf 87' lang='lat' dir='ltr'><strong>seminalis</strong></span> <span class='ocrx_word' id='word_1_167' title='bbox 873 3088 1038 3146; x_wconf 70' lang='lat' dir='ltr'><strong>hornotinus</strong></span> <span class='ocrx_word' id='word_1_168' title='bbox 1060 3089 1193 3164; x_wconf 88' lang='lat' dir='ltr'><strong>exceptis</strong></span> <span class='ocrx_word' id='word_1_169' title='bbox 1214 3090 1281 3148; x_wconf 91' lang='lat' dir='ltr'><strong>imis</strong></span> 
     </span>
     <span class='ocr_line' id='line_1_28' title="bbox 178 3169 1282 3249; baseline 0.001 -20"><span class='ocrx_word' id='word_1_170' title='bbox 178 3171 322 3249; x_wconf 91' lang='lat' dir='ltr'><strong>oppositis</strong></span> <span class='ocrx_word' id='word_1_171' title='bbox 340 3171 461 3240; x_wconf 85' lang='lat' dir='ltr'><strong>alterna,</strong></span> <span class='ocrx_word' id='word_1_172' title='bbox 482 3189 593 3248; x_wconf 86' lang='lat' dir='ltr'><strong>aspera,</strong></span> <span class='ocrx_word' id='word_1_173' title='bbox 608 3190 678 3228; x_wconf 89' lang='lat' dir='ltr'><strong>mox</strong></span> <span class='ocrx_word' id='word_1_174' title='bbox 692 3169 915 3247; x_wconf 86' lang='lat' dir='ltr'><strong>glabrescentia,</strong></span> <span class='ocrx_word' id='word_1_175' title='bbox 931 3169 1117 3246; x_wconf 87' lang='lat' dir='ltr'><strong>longiusculo</strong></span> <span class='ocrx_word' id='word_1_176' title='bbox 1127 3189 1156 3228; x_wconf 87' lang='lat' dir='ltr'><strong>v.</strong></span> <span class='ocrx_word' id='word_1_177' title='bbox 1167 3171 1282 3230; x_wconf 88' lang='lat' dir='ltr'><strong>modice</strong></span> 
     </span>
     <span class='ocr_line' id='line_1_29' title="bbox 178 3249 1259 3328; baseline 0 -19"><span class='ocrx_word' id='word_1_178' title='bbox 178 3251 328 3327; x_wconf 85' lang='lat' dir='ltr'><strong>petiolata,</strong></span> <span class='ocrx_word' id='word_1_179' title='bbox 343 3252 618 3323; x_wconf 86' lang='lat' dir='ltr'><strong>ovato-lanceolata,</strong></span> <span class='ocrx_word' id='word_1_180' title='bbox 633 3250 743 3327; x_wconf 90' lang='lat' dir='ltr'><strong>petiolo</strong></span> <span class='ocrx_word' id='word_1_181' title='bbox 758 3250 955 3328; x_wconf 84' lang='lat' dir='ltr'><strong>supra-basah</strong></span> <span class='ocrx_word' id='word_1_182' title='bbox 969 3249 1127 3326; x_wconf 88' lang='lat' dir='ltr'><strong>insigniter</strong></span> <span class='ocrx_word' id='word_1_183' title='bbox 1139 3250 1259 3326; x_wconf 87' lang='lat' dir='ltr'><strong>peltata.</strong></span> 
     </span>
    </p>
   </div>
   <div class='ocr_carea' id='block_1_10' title="bbox 491 3412 966 3491">
    <p class='ocr_par' dir='ltr' id='par_1_11' title="bbox 491 3412 966 3491">
     <span class='ocr_line' id='line_1_30' title="bbox 491 3412 966 3491; baseline -0.002 -20"><span class='ocrx_word' id='word_1_184' title='bbox 491 3412 686 3491; x_wconf 72' lang='lat' dir='ltr'><strong>Eucalyptus</strong></span> <span class='ocrx_word' id='word_1_185' title='bbox 700 3412 902 3488; x_wconf 75' lang='lat' dir='ltr'><strong>robusta—p.</strong></span> <span class='ocrx_word' id='word_1_186' title='bbox 917 3412 966 3470; x_wconf 96' lang='lat'><strong>44.</strong></span> 
     </span>
    </p>
   </div>
   <div class='ocr_carea' id='block_1_11' title="bbox 178 3507 1280 3666">
    <p class='ocr_par' dir='ltr' id='par_1_12' title="bbox 178 3507 1280 3666">
     <span class='ocr_line' id='line_1_31' title="bbox 219 3507 1280 3584; baseline 0.002 -19"><span class='ocrx_word' id='word_1_187' title='bbox 219 3507 255 3567; x_wconf 88' lang='lat' dir='ltr'><strong>E.</strong></span> <span class='ocrx_word' id='word_1_188' title='bbox 271 3509 469 3584; x_wconf 85' lang='lat' dir='ltr'><strong>bemilamprae</strong></span> <span class='ocrx_word' id='word_1_189' title='bbox 479 3528 540 3567; x_wconf 92' lang='lat' dir='ltr'><strong>non</strong></span> <span class='ocrx_word' id='word_1_190' title='bbox 550 3509 711 3580; x_wconf 90' lang='lat' dir='ltr'><strong>dissimilis,</strong></span> <span class='ocrx_word' id='word_1_191' title='bbox 723 3527 789 3584; x_wconf 84' lang='lat' dir='ltr'><strong>quae</strong></span> <span class='ocrx_word' id='word_1_192' title='bbox 800 3515 898 3566; x_wconf 89' lang='lat' dir='ltr'><strong>autem</strong></span> <span class='ocrx_word' id='word_1_193' title='bbox 910 3507 1034 3566; x_wconf 91' lang='lat' dir='ltr'><strong>sectioni</strong></span> <span class='ocrx_word' id='word_1_194' title='bbox 1043 3507 1280 3582; x_wconf 89' lang='lat' dir='ltr'><strong>Leiophloiamm</strong></span> 
     </span>
     <span class='ocr_line' id='line_1_32' title="bbox 178 3587 1199 3666; baseline 0 -19"><span class='ocrx_word' id='word_1_195' title='bbox 178 3591 314 3665; x_wconf 90' lang='lat' dir='ltr'><strong>pertinet,</strong></span> <span class='ocrx_word' id='word_1_196' title='bbox 330 3597 360 3648; x_wconf 89' lang='lat' dir='ltr'><strong>et</strong></span> <span class='ocrx_word' id='word_1_197' title='bbox 375 3589 527 3666; x_wconf 88' lang='lat' dir='ltr'><strong>calycibus</strong></span> <span class='ocrx_word' id='word_1_198' title='bbox 542 3588 622 3647; x_wconf 89' lang='lat' dir='ltr'><strong>foliis</strong></span> <span class='ocrx_word' id='word_1_199' title='bbox 637 3589 857 3665; x_wconf 88' lang='lat' dir='ltr'><strong>angustioribus</strong></span> <span class='ocrx_word' id='word_1_200' title='bbox 871 3588 1076 3663; x_wconf 90' lang='lat' dir='ltr'><strong>fructibusque</strong></span> <span class='ocrx_word' id='word_1_201' title='bbox 1091 3587 1199 3647; x_wconf 88' lang='lat' dir='ltr'><strong>differt.</strong></span> 
     </span>
    </p>
   </div>
   <div class='ocr_carea' id='block_1_12' title="bbox 480 3750 980 3829">
    <p class='ocr_par' dir='ltr' id='par_1_13' title="bbox 480 3750 980 3829">
     <span class='ocr_line' id='line_1_33' title="bbox 480 3750 980 3829; baseline -0.004 -19"><span class='ocrx_word' id='word_1_202' title='bbox 480 3750 673 3829; x_wconf 73' lang='lat' dir='ltr'><strong>Eucalpptus</strong></span> <span class='ocrx_word' id='word_1_203' title='bbox 685 3752 915 3827; x_wconf 61' lang='lat' dir='ltr'><strong>pipiantes—p.</strong></span> <span class='ocrx_word' id='word_1_204' title='bbox 931 3751 980 3808; x_wconf 87' lang='grc'><strong>44.</strong></span> 
     </span>
    </p>
   </div>
   <div class='ocr_carea' id='block_1_13' title="bbox 175 3846 1279 4488">
    <p class='ocr_par' dir='ltr' id='par_1_14' title="bbox 175 3846 1279 4488">
     <span class='ocr_line' id='line_1_34' title="bbox 218 3846 1279 3923; baseline 0.002 -19"><span class='ocrx_word' id='word_1_205' title='bbox 218 3846 304 3907; x_wconf 82' lang='lat' dir='ltr'><strong>Folia</strong></span> <span class='ocrx_word' id='word_1_206' title='bbox 327 3847 430 3923; x_wconf 89' lang='lat' dir='ltr'><strong>stirpis</strong></span> <span class='ocrx_word' id='word_1_207' title='bbox 451 3847 615 3906; x_wconf 86' lang='lat' dir='ltr'><strong>hornotinae</strong></span> <span class='ocrx_word' id='word_1_208' title='bbox 644 3846 793 3907; x_wconf 89' lang='lat' dir='ltr'><strong>seminalis</strong></span> <span class='ocrx_word' id='word_1_209' title='bbox 817 3847 876 3904; x_wconf 90' lang='lat' dir='ltr'><strong>ima</strong></span> <span class='ocrx_word' id='word_1_210' title='bbox 897 3846 1054 3922; x_wconf 89' lang='lat' dir='ltr'><strong>opposita;</strong></span> <span class='ocrx_word' id='word_1_211' title='bbox 1089 3853 1188 3906; x_wconf 90' lang='lat' dir='ltr'><strong>cetera</strong></span> <span class='ocrx_word' id='word_1_212' title='bbox 1208 3867 1279 3906; x_wconf 85' lang='lat' dir='ltr'><strong>mox</strong></span> 
     </span>
     <span class='ocr_line' id='line_1_35' title="bbox 178 3925 1278 4002; baseline 0.001 -17"><span class='ocrx_word' id='word_1_213' title='bbox 178 3927 364 4001; x_wconf 86' lang='lat' dir='ltr'><strong>alternantia,</strong></span> <span class='ocrx_word' id='word_1_214' title='bbox 385 3928 503 4002; x_wconf 90' lang='lat' dir='ltr'><strong>oblique</strong></span> <span class='ocrx_word' id='word_1_215' title='bbox 523 3936 619 3987; x_wconf 81' lang='lat' dir='ltr'><strong>ovato.</strong></span> <span class='ocrx_word' id='word_1_216' title='bbox 664 3927 743 3987; x_wconf 88' lang='lat' dir='ltr'><strong>Clar.</strong></span> <span class='ocrx_word' id='word_1_217' title='bbox 759 3925 887 3986; x_wconf 88' lang='lat' dir='ltr'><strong>Oldfield</strong></span> <span class='ocrx_word' id='word_1_218' title='bbox 908 3928 972 3985; x_wconf 91' lang='lat' dir='ltr'><strong>sine</strong></span> <span class='ocrx_word' id='word_1_219' title='bbox 991 3927 1169 3985; x_wconf 89' lang='lat' dir='ltr'><strong>hesitatione</strong></span> <span class='ocrx_word' id='word_1_220' title='bbox 1190 3929 1228 3985; x_wconf 90' lang='lat' dir='ltr'><strong>ad</strong></span> <span class='ocrx_word' id='word_1_221' title='bbox 1242 3928 1278 3987; x_wconf 85' lang='lat' dir='ltr'><strong>E.</strong></span> 
     </span>
     <span class='ocr_line' id='line_1_36' title="bbox 176 4006 1278 4084; baseline 0.004 -21"><span class='ocrx_word' id='word_1_222' title='bbox 176 4008 347 4084; x_wconf 84' lang='lat' dir='ltr'><strong>giganteam</strong></span> <span class='ocrx_word' id='word_1_223' title='bbox 374 4009 467 4066; x_wconf 90' lang='lat' dir='ltr'><strong>trahit</strong></span> <span class='ocrx_word' id='word_1_224' title='bbox 501 4009 537 4068; x_wconf 88' lang='lat' dir='ltr'><strong>E.</strong></span> <span class='ocrx_word' id='word_1_225' title='bbox 562 4010 719 4079; x_wconf 83' lang='lat' dir='ltr'><strong>cordatum,</strong></span> <span class='ocrx_word' id='word_1_226' title='bbox 749 4027 814 4066; x_wconf 91' lang='lat' dir='ltr'><strong>eam</strong></span> <span class='ocrx_word' id='word_1_227' title='bbox 855 4008 934 4065; x_wconf 92' lang='lat' dir='ltr'><strong>illius</strong></span> <span class='ocrx_word' id='word_1_228' title='bbox 971 4015 1081 4065; x_wconf 89' lang='lat' dir='ltr'><strong>statum</strong></span> <span class='ocrx_word' id='word_1_229' title='bbox 1114 4006 1278 4081; x_wconf 84' lang='lat' dir='ltr'><strong>juvenilem</strong></span> 
     </span>
     <span class='ocr_line' id='line_1_37' title="bbox 177 4087 1277 4163; baseline 0.003 -19"><span class='ocrx_word' id='word_1_230' title='bbox 177 4087 347 4146; x_wconf 91' lang='lat' dir='ltr'><strong>abnormem</strong></span> <span class='ocrx_word' id='word_1_231' title='bbox 369 4097 535 4147; x_wconf 89' lang='lat' dir='ltr'><strong>autumans.</strong></span> <span class='ocrx_word' id='word_1_232' title='bbox 576 4089 785 4148; x_wconf 90' lang='lat' dir='ltr'><strong>Amicissimus</strong></span> <span class='ocrx_word' id='word_1_233' title='bbox 807 4088 895 4147; x_wconf 88' lang='lat' dir='ltr'><strong>Rich.</strong></span> <span class='ocrx_word' id='word_1_234' title='bbox 920 4087 1050 4163; x_wconf 89' lang='lat' dir='ltr'><strong>Kippist,</strong></span> <span class='ocrx_word' id='word_1_235' title='bbox 1072 4106 1120 4146; x_wconf 89' lang='lat' dir='ltr'><strong>me</strong></span> <span class='ocrx_word' id='word_1_236' title='bbox 1147 4087 1277 4162; x_wconf 87' lang='lat' dir='ltr'><strong>rogatus,</strong></span> 
     </span>
     <span class='ocr_line' id='line_1_38' title="bbox 176 4167 1279 4246; baseline 0.003 -21"><span class='ocrx_word' id='word_1_237' title='bbox 176 4169 319 4244; x_wconf 89' lang='lat' dir='ltr'><strong>nuperius</strong></span> <span class='ocrx_word' id='word_1_238' title='bbox 337 4168 519 4246; x_wconf 83' lang='lat' dir='ltr'><strong>Eucalyptos</strong></span> <span class='ocrx_word' id='word_1_239' title='bbox 542 4169 673 4228; x_wconf 87' lang='lat' dir='ltr'><strong>herbarii</strong></span> <span class='ocrx_word' id='word_1_240' title='bbox 700 4168 821 4228; x_wconf 80' lang='lat' dir='ltr'><strong>Smithii</strong></span> <span class='ocrx_word' id='word_1_241' title='bbox 843 4175 874 4228; x_wconf 86' lang='lat' dir='ltr'><strong>et</strong></span> <span class='ocrx_word' id='word_1_242' title='bbox 893 4167 1018 4225; x_wconf 84' lang='lat' dir='ltr'><strong>Banlrsii</strong></span> <span class='ocrx_word' id='word_1_243' title='bbox 1040 4167 1232 4242; x_wconf 85' lang='lat' dir='ltr'><strong>perlustravit</strong></span> <span class='ocrx_word' id='word_1_244' title='bbox 1249 4179 1279 4228; x_wconf 92' lang='lat' dir='ltr'><strong>et</strong></span> 
     </span>
     <span class='ocr_line' id='line_1_39' title="bbox 175 4247 1276 4323; baseline 0.003 -17"><span class='ocrx_word' id='word_1_245' title='bbox 175 4249 255 4308; x_wconf 88' lang='lat' dir='ltr'><strong>inter</strong></span> <span class='ocrx_word' id='word_1_246' title='bbox 268 4268 318 4308; x_wconf 90' lang='lat' dir='ltr'><strong>eas</strong></span> <span class='ocrx_word' id='word_1_247' title='bbox 333 4250 514 4308; x_wconf 89' lang='lat' dir='ltr'><strong>collectionis</strong></span> <span class='ocrx_word' id='word_1_248' title='bbox 528 4249 713 4319; x_wconf 87' lang='lat' dir='ltr'><strong>Banksianae‚</strong></span> <span class='ocrx_word' id='word_1_249' title='bbox 726 4254 761 4308; x_wconf 90' lang='lat' dir='ltr'><strong>ut</strong></span> <span class='ocrx_word' id='word_1_250' title='bbox 775 4247 944 4318; x_wconf 85' lang='lat' dir='ltr'><strong>antesumsi,</strong></span> <span class='ocrx_word' id='word_1_251' title='bbox 960 4248 1080 4323; x_wconf 83' lang='lat' dir='ltr'><strong>stirpem</strong></span> <span class='ocrx_word' id='word_1_252' title='bbox 1091 4268 1111 4306; x_wconf 84' lang='lat' dir='ltr'><strong>a</strong></span> <span class='ocrx_word' id='word_1_253' title='bbox 1122 4247 1276 4322; x_wconf 81' lang='lat' dir='ltr'><strong>Nelsoaio,</strong></span> 
     </span>
     <span class='ocr_line' id='line_1_40' title="bbox 177 4328 1278 4408; baseline 0.002 -21"><span class='ocrx_word' id='word_1_254' title='bbox 177 4332 256 4388; x_wconf 82' lang='lat' dir='ltr'><strong>tertii</strong></span> <span class='ocrx_word' id='word_1_255' title='bbox 277 4331 392 4388; x_wconf 77' lang='lat' dir='ltr'><strong>itineris</strong></span> <span class='ocrx_word' id='word_1_256' title='bbox 417 4330 520 4389; x_wconf 81' lang='lat' dir='ltr'><strong>Cookii</strong></span> <span class='ocrx_word' id='word_1_257' title='bbox 539 4331 691 4408; x_wconf 72' lang='lat' dir='ltr'><strong>arly&#39;uricta</strong></span> <span class='ocrx_word' id='word_1_258' title='bbox 717 4330 749 4387; x_wconf 92' lang='lat' dir='ltr'><strong>in</strong></span> <span class='ocrx_word' id='word_1_259' title='bbox 774 4329 933 4388; x_wconf 86' lang='lat' dir='ltr'><strong>Tasmania</strong></span> <span class='ocrx_word' id='word_1_260' title='bbox 958 4328 1051 4402; x_wconf 89' lang='lat' dir='ltr'><strong>(haud</strong></span> <span class='ocrx_word' id='word_1_261' title='bbox 1076 4328 1164 4387; x_wconf 92' lang='lat' dir='ltr'><strong>dubie</strong></span> <span class='ocrx_word' id='word_1_262' title='bbox 1187 4329 1278 4404; x_wconf 85' lang='lat' dir='ltr'><strong>juxta</strong></span> 
     </span>
     <span class='ocr_line' id='line_1_41' title="bbox 176 4409 1277 4488; baseline 0.002 -20"><span class='ocrx_word' id='word_1_263' title='bbox 176 4410 352 4471; x_wconf 84' lang='lat' dir='ltr'><strong>Adventure</strong></span> <span class='ocrx_word' id='word_1_264' title='bbox 363 4410 443 4488; x_wconf 86' lang='lat' dir='ltr'><strong>Bay)</strong></span> <span class='ocrx_word' id='word_1_265' title='bbox 453 4411 604 4469; x_wconf 91' lang='lat' dir='ltr'><strong>collectam</strong></span> <span class='ocrx_word' id='word_1_266' title='bbox 617 4420 647 4470; x_wconf 89' lang='lat' dir='ltr'><strong>et</strong></span> <span class='ocrx_word' id='word_1_267' title='bbox 658 4411 736 4470; x_wconf 90' lang='lat' dir='ltr'><strong>iconi</strong></span> <span class='ocrx_word' id='word_1_268' title='bbox 745 4409 780 4468; x_wconf 87' lang='lat' dir='ltr'><strong>E.</strong></span> <span class='ocrx_word' id='word_1_269' title='bbox 790 4410 915 4484; x_wconf 79' lang='lat' dir='ltr'><strong>obliqua</strong></span> <span class='ocrx_word' id='word_1_270' title='bbox 924 4427 942 4466; x_wconf 93' lang='lat' dir='ltr'><strong>a</strong></span> <span class='ocrx_word' id='word_1_271' title='bbox 951 4409 1104 4469; x_wconf 84' lang='lat' dir='ltr'><strong>l’Haritier</strong></span> <span class='ocrx_word' id='word_1_272' title='bbox 1117 4410 1277 4488; x_wconf 82' lang='lat' dir='ltr'><strong>divulgatae</strong></span> 
     </span>
    </p>
   </div>
   <div class='ocr_carea' id='block_1_14' title="bbox 0 0 1468 5062">
    <p class='ocr_par' dir='ltr' id='par_1_15' title="bbox 0 0 1468 5062">
     <span class='ocr_line' id='line_1_42' title="bbox 0 0 1468 5062; baseline 0 1"><span class='ocrx_word' id='word_1_273' title='bbox 0 0 1468 5062; x_wconf 95' lang='lat' dir='ltr'><strong> </strong></span> 
     </span>
    </p>
   </div>
  </div>
 </body>
</html>
