2926 5062
704 533 761 593 136

631 759 829 818 Vsccrurnm.

640 861 829 922 Wittsteiniu.

221 970 340 1050 Calycia
351 970 441 1029 tubus
451 988 518 1028 cum
528 970 659 1046 germine
668 976 829 1037 connatus;
849 968 964 1027 lacinia
976 969 1003 1040 5,
1012 966 1075 1026 fera
1084 967 1218 1042 aequales,
1232 965 1286 1023 sub

181 1053 297 1111 anthesi
311 1051 382 1109 tubo
397 1051 552 1126 longiores.
595 1050 714 1110 Corolla
733 1067 846 1125 supera,
867 1047 1285 1125 cylindraceocompanulata,

180 1131 373 1208 gamopetela,
395 1132 557 1202 5·dentata,
579 1131 711 1200 decidua,
731 1130 869 1187 dentibus
887 1129 1071 1187 testinatione
1091 1127 1284 1185 subvalvatis.

185 1213 326 1270 Stamina
345 1212 484 1287 quinque,
500 1211 636 1268 dentibus
656 1210 770 1268 corollas
789 1210 911 1267 alterna.
953 1207 1123 1266 Filamenta
1140 1207 1285 1279 subulata,

180 1292 244 1351 basi
253 1292 369 1348 corollas
381 1291 581 1349 tantummodo
590 1292 838 1364 adnata,quacum
846 1289 979 1346 decidua.
999 1287 1142 1346 Aethera
1151 1288 1285 1362 didymo·

180 1372 324 1439 rotundas,
353 1371 496 1439 intranea,
525 1370 708 1439 biloculares,
737 1369 1023 1447 ecappeadicclutae‚
1053 1366 1160 1426 localis
1187 1367 1286 1442 lonqi-

181 1462 310 1509 trorsam
324 1448 548 1507 dehiscentibus.
591 1449 716 1506 Pollinis
736 1450 862 1523 granula
874 1449 1003 1524 globosa,
1019 1447 1176 1521 disjuncta,
1191 1448 1285 1522 tripo-

180 1550 257 1593 rosa.
280 1530 382 1603 Stylns
395 1527 549 1600 filiformis,
564 1529 703 1587 inclusus.
730 1529 848 1604 Stigma
858 1530 1180 1603 depresso-capitatum,
1196 1527 1286 1584 lenis-

180 1612 253 1669 sime
272 1610 450 1666 trilobatum.
496 1607 626 1668 German
645 1609 781 1679 inferum,
799 1609 977 1667 trilocularc.
1019 1608 1184 1667 Gemmulae
1202 1626 1287 1664 secus

181 1690 323 1766 angulum
336 1689 498 1747 loculorum
513 1689 672 1747 contralem
686 1707 796 1765 paucae,
810 1688 966 1746 biseriatae.
1010 1687 1139 1757 Fructus
1155 1689 1286 1762 ignotus.

223 1770 376 1829 Suffrutex
404 1769 515 1844 alpium
541 1769 703 1827 Australiae
730 1769 918 1838 multicaulia,
948 1768 1138 1837 adscendens,
1168 1766 1284 1824 inferne

181 1851 326 1919 radicans,
348 1848 428 1906 soliis
449 1850 570 1906 alteruis
598 1850 745 1924 sparsieve
768 1849 956 1924 exstipulatis
981 1848 1133 1906 subovatis
1158 1855 1285 1905 serrato·

182 1930 320 2000 dentatis,
334 1929 510 2004 pedunculis
523 1929 697 1986 axillaribus
711 1929 851 1986 solitariis
862 1949 890 1986 v.
902 1929 1029 2003 geminis
1040 1928 1172 1984 unifloris
1184 1927 1286 2003 pauci·

181 2010 348 2080 bracteatis,
367 2008 482 2066 corollis
502 2007 760 2066 flavo-virentibus
779 2009 887 2085 passim
904 2008 1078 2066 rubicundis
1099 2009 1181 2065 intus
1195 2008 1287 2065 *basin

181 2108 287 2147 versus
313 2106 401 2164 parce
427 2089 569 2165 pilosulis,
599 2090 772 2146 staminibus
800 2107 903 2164 parum
929 2089 1011 2146 ultra
1038 2088 1154 2147 corollae
1181 2089 1286 2144 tubum

181 2170 408 2244 emergentibus.
451 2168 532 2226 Huic
554 2169 656 2243 generi
681 2168 782 2242 (unico
804 2169 1009 2227 Australasico
1032 2168 1286 2226 eVaccinearum

180 2247 286 2326 tribu),
309 2249 467 2307 transitum
488 2250 527 2315 ad
541 2248 663 2306 Ericeas
685 2249 905 2319 demonstranti,
931 2249 1121 2306 antherarum
1139 2247 1237 2305 forma
1256 2255 1287 2306 et

183 2336 333 2386 structura
359 2328 529 2402 Diplarchae
557 2330 717 2400 accedenti,
747 2330 905 2386 staminum
932 2336 1030 2386 autem
1057 2346 1180 2385 numero
1208 2328 1287 2384 inter

182 2408 358 2467 Vaccinieas
378 2407 609 2483 Spbyrospermo
623 2409 813 2483 comparabili
827 2408 970 2484 adscripsi
983 2426 1089 2465 nomcn
1108 2408 1243 2483 praeclari
1257 2414 1288 2464 et

181 2487 363 2544 meritissimi
378 2485 417 2544 G.
433 2485 467 2545 O.
483 2486 645 2557 Wittstein,
660 2488 717 2544 Ph.
732 2487 824 2558 Dris,
843 2488 896 2562 qui
910 2489 947 2546 de
961 2489 1131 2564 praeparatis
1145 2486 1289 2545 chemicis

182 2567 458 2643 pharmaceutarum
490 2583 544 2622 nec
571 2584 631 2622 non
659 2566 695 2623 de
722 2584 864 2641 generum
891 2569 1085 2642 ordinumque
1117 2568 1287 2643 plantarum

182 2645 378 2723 etymologica
391 2645 575 2703 derivatione
589 2663 677 2720 opera
690 2645 809 2722 egregia
823 2647 930 2705 obtulit
944 2647 1036 2724 (conf.
1046 2648 1286 2724 Etymologisch·

182 2725 371 2784 botanisches
390 2724 686 2796 Handwoerterbuch,
706 2725 867 2802 Erlangen,
891 2731 986 2795 1856;
1008 2726 1201 2805 Darstellung
1226 2730 1289 2786 und

182 2804 337 2880 Pruefung
352 2805 534 2864 chemischer
547 2805 723 2882 Praeparate,
739 2806 917 2875 Muenchen,
936 2806 1036 2885 1851),
1052 2810 1194 2884 nuperius
1205 2829 1286 2885 ‘quo-

182 2905 240 2963 que
252 2886 448 2944 medicamina
461 2887 658 2962 vegetationis
671 2887 833 2944 Australiae
847 2888 961 2965 analysi
975 2889 1110 2965 subjecit.

535 3070 716 3130 Wittsteinic
732 3073 929 3130 vacaniccec.

183 3175 213 3226 F.
225 3173 261 3225 Μ.
274 3173 351 3224 Sixth
363 3173 523 3238 Systematic
533 3174 616 3224 Index
627 3175 657 3224 of
667 3175 713 3224 the
723 3175 816 3225 Planta
827 3176 857 3224 of
864 3176 909 3226 the
921 3175 1021 3239 Colony
1032 3175 1062 3225 os
1070 3175 1198 3236 Victoria,
1210 3191 1236 3239 p.
1250 3181 1288 3227 17.

223 3266 261 3323 In
275 3266 387 3323 fissuris
400 3266 519 3339 rupium
533 3265 720 3341 irriguorum,
735 3267 772 3323 ad
785 3265 882 3324 fontes
896 3275 926 3324 et
941 3266 1143 3342 scaturigines,
1158 3286 1213 3325 nec
1228 3286 1289 3325 non

184 3346 215 3402 in
229 3346 431 3403 cacuminibus
448 3345 562 3403 saxosis
583 3345 727 3402 montium
746 3346 911 3420 alpinorum
925 3346 1088 3422 BawlBaw
1102 3347 1286 3414 Mountains,

87 3458 91 3462 ·
183 3426 279 3482 rarius
294 3426 324 3482 in
338 3433 436 3483 tractu
451 3425 573 3499 alpestri
586 3425 695 3483 Albert
709 3426 813 3501 Range
827 3433 857 3483 et
871 3427 909 3483 ad
922 3427 1068 3502 originem
1087 3427 1173 3484 fluvii
1188 3426 1289 3486 Yarra

184 3504 290 3573 Yarra,
306 3505 468 3580 altitudine,
477 3504 665 3562 3500-5000‘
679 3524 769 3580 supra
782 3524 871 3563 mare.

228 3583 325 3657 Stirps
343 3584 500 3642 latitudine
521 3585 674 3660 spithamas
694 3604 787 3659 usque
805 3586 882 3642 ulnae
902 3604 977 3659 vaga
996 3606 1136 3662 expansa.
1179 3585 1289 3645 Caules

184 3664 267 3721 varie
281 3663 351 3718 torti
366 3671 396 3719 et
408 3664 541 3733 flexuosi,
556 3666 686 3722 tenuiter
706 3668 907 3740 pubescentes,
924 3666 1040 3725 inferne
1061 3667 1202 3738 defoliati‚
1223 3670 1288 3725 basi

184 3742 267 3799 fibris
282 3743 406 3816 copiosis
420 3745 543 3802 ramosis
556 3745 731 3802 radicantes.
774 3746 883 3803 Pctioli
901 3747 1014 3816 breves,
1030 3747 1173 3822 puberuli,
1190 3749 1221 3804 in
1236 3749 1287 3805 axi

185 3821 534 3896 ferrugineo-barbellati.
587 3824 673 3882 Folia
704 3827 960 3896 crasso-coriacea,
993 3827 1105 3903 glabra,
1139 3836 1229 3885 ovata
1256 3848 1286 3886 v.

142 3960 143 3965 ,
184 3901 458 3972 lanceolato-ovata,
483 3903 648 3973 uninervia,
673 3905 789 3962 venulis
813 3906 918 3965 subtus
942 3926 1001 3965 non
1026 3909 1193 3983 conspicuis
1220 3909 1286 3983 pin·

184 3985 278 4043 natim
297 3990 327 4040 et
347 3981 527 4064 reticulatinr
547 4002 694 4059 percursa,
715 4003 791 4062 saepe
807 3986 886 4043 inter
907 3990 919 4044 l
942 3996 973 4046 ct
994 3985 1042 4062 li*
1063 3989 1160 4064 longa,
1179 4007 1248 4046 raro
1270 3991 1286 4066 l

184 4065 234 4123 vel
245 4060 275 4120 2⁰
287 4064 445 4134 metientia,
461 4065 564 4121 subtus
575 4065 681 4139 glauca
691 4065 754 4122 sive
764 4065 882 4139 pallida,
893 4069 1031 4144 utrinque
1041 4075 1140 4126 tamen
1150 4069 1286 4140 nitentia,

183 4144 300 4202 inferne
315 4146 494 4203 subcuneata
508 4152 538 4202 et
552 4144 751 4220 integerrima,
767 4146 875 4204 abhinc
888 4149 1095 4206 remotiuscule
1110 4150 1286 4207 subcalloso-

185 4225 314 4296 dentata,
334 4227 416 4300 apice
439 4223 631 4283 acutiuscula.
672 4225 839 4283 Pedunculi
860 4229 972 4302 sesqui-
993 4230 1031 4286 ad
1049 4230 1287 4304 pauci-lineares.
1318 4240 1336 4275 1

184 4304 319 4363 Bracteae
332 4313 427 4363 ovatae
441 4314 471 4364 et
485 4306 780 4375 lineari-lanceolata,
797 4305 888 4383 ΗΥ
903 4309 1019 4384 longa,
1040 4311 1106 4367 duaa
1123 4311 1288 4386 superiores

185 4402 262 4460 saepe
289 4387 446 4460 oppositae3
472 4394 580 4446 ceterae
607 4386 800 4463 utplurimum
824 4388 992 4447 alternatim
1021 4388 1149 4450 dissita,
1184 4390 1288 4450 Floras
