2926 5062
716 489 755 546 66

184 649 318 715 rostrato,
335 645 412 721 stylo
426 664 501 721 saepe
515 644 656 722 longiore,
671 655 702 704 et
716 647 829 705 vertice
842 647 968 722 capsula
983 648 1088 723 sapius
1103 648 1305 724 pyramidato

185 725 351 800 ubicunque
363 726 392 782 in
405 726 476 783 locis
486 728 633 784 natalibus
642 728 785 785 distinctu
797 727 902 786 facilis.
937 726 974 785 E.
984 728 1134 786 viminalis
1145 736 1305 803 praetcrea

183 806 280 862 minus
297 807 327 863 in
343 806 435 864 valles
452 808 588 864 humidas
607 809 766 877 descendit,
786 808 884 865 minus
902 809 1049 883 margines
1066 826 1213 883 aquarum
1231 809 1303 868 sive

183 887 256 943 udas
264 887 344 961 ripas
356 888 550 961 approximat,
560 907 648 962 quam
657 887 760 946 saltem
769 888 897 946 varietas
906 897 1035 946 rostrata
1044 888 1079 946 E.
1090 890 1300 947 tereticornis.

183 966 290 1023 Firmae
302 986 372 1024 vero
387 968 591 1042 discrepantiae
606 969 684 1026 inter
694 970 844 1026 ambarum
860 968 930 1026 folia
943 976 975 1026 et
987 987 1089 1026 earum
1103 968 1225 1028 fructus
1238 971 1300 1028 vix

151 1053 153 1058 '
184 1046 383 1118 inveniuntur,
399 1056 429 1104 et
444 1048 628 1106 characteres
645 1068 704 1107 non
720 1050 856 1107 meliores
870 1068 886 1106 e
901 1050 1007 1107 florum
1020 1049 1115 1106 forma
1131 1050 1298 1124 prodeunt,

182 1145 270 1200 quarn
299 1128 329 1184 in
357 1129 511 1203 utriusque
539 1129 647 1203 speciei
672 1131 751 1186 veris
776 1129 971 1187 varietatibus
999 1131 1208 1189 observantur.
1256 1129 1296 1187 Ε.

182 1207 315 1281 pilularis
342 1206 438 1266 Smith
463 1226 480 1266 e
505 1226 557 1265 sua
581 1209 715 1285 diagnosi
738 1211 797 1267 huc
821 1209 920 1267 forsan
941 1210 1010 1266 duci
1034 1210 1136 1285 possit.
1178 1210 1299 1270 Planta

182 1306 347 1363 synonyma
377 1287 529 1346 Candollei
557 1289 613 1347 fide
644 1290 773 1348 herbarii
807 1288 922 1348 Sieberi
951 1309 1030 1348 num.
1060 1288 1120 1349 474
1144 1309 1205 1347 non
1232 1292 1297 1349 nisi

182 1368 335 1425 varietatis
355 1369 470 1426 ratione
489 1368 611 1427 floribus
630 1369 835 1445 fructibusque
855 1371 1017 1428 minoribus
1038 1370 1075 1427 ab
1094 1369 1130 1430 Ε.
1151 1372 1298 1431 viminali

180 1447 314 1505 discedit.

222 1528 258 1585 Ε.
281 1528 483 1601 manniferam,
506 1530 659 1588 Bennett's
681 1531 879 1606 Wanderings
903 1531 934 1587 in
959 1531 1036 1588 Now
1059 1529 1153 1590 South
1175 1529 1295 1605 Wales,

180 1609 343 1666 secundum
357 1611 503 1684 specimen
520 1630 537 1667 a
554 1610 665 1669 clariss.
681 1621 800 1669 auctore
816 1630 931 1669 mecum
948 1611 1205 1681 communicatum,
1221 1620 1296 1671 tuto

180 1689 239 1747 huc
259 1690 354 1748 traho.
395 1691 461 1749 Nec
479 1691 577 1747 miuus
598 1692 635 1748 ad
655 1692 767 1749 hancce
788 1692 914 1766 speciem
933 1691 1088 1749 reserenda
1106 1699 1231 1767 apparet
1252 1692 1294 1751 E.

180 1768 345 1828 mannifera
362 1771 472 1842 Moud.‚
488 1781 632 1845 quotenus
649 1790 665 1829 e
680 1773 814 1847 diagnosi
832 1779 921 1846 patet,
937 1791 996 1828 non
1013 1773 1148 1829 obstante
1165 1781 1238 1830 nota
1253 1775 1295 1833 de

180 1849 259 1907 foliis
270 1851 465 1923 verticillatis,
477 1851 576 1926 qualia
587 1852 618 1907 in
634 1851 801 1928 Eucalypto
811 1870 919 1927 genere
930 1871 989 1909 nou
1001 1853 1057 1909 nisi
1069 1870 1139 1910 casu
1151 1852 1294 1911 abnormi

180 1931 324 1989 oriuntur.

220 2011 247 2068 Ε
271 2012 360 2069 Nova
382 2011 495 2087 Anglia
523 2013 624 2087 accepi
648 2013 712 2072 sine
739 2011 860 2070 floribus
889 2012 1051 2089 specimina
1073 2013 1110 2070 Ε.
1133 2012 1292 2073 viminalis

179 2090 294 2150 fructus
309 2093 452 2168 capitatos
463 2094 598 2167 gerentia
611 2100 641 2151 et
655 2094 713 2151 alia
727 2093 901 2169 glaucedine
916 2094 1078 2168 superfusa.
1120 2092 1171 2149 Ex
1181 2095 1292 2152 eadem

180 2173 268 2248 plaga
290 2174 367 2232 sicut
387 2192 404 2232 c
423 2182 502 2232 terra
519 2174 615 2249 Gipps
632 2175 716 2231 Land
737 2175 810 2231 mihi
831 2173 937 2230 adsunt
956 2173 1117 2249 specimina
1130 2174 1157 2230 E
1183 2175 1291 2232 tereti·

179 2255 276 2310 cornis
297 2255 442 2329 operculis
463 2255 775 2331 conice-cylindraceis
790 2254 902 2312 obtusis
916 2255 1047 2330 praedita,
1063 2273 1127 2328 quae
1142 2261 1293 2329 praeterea

178 2352 244 2390 rore
269 2335 409 2410 pruinoso
437 2335 593 2408 superfusa
615 2342 692 2392 sunt.
734 2334 928 2409 Exemplaria
954 2333 1084 2409 ejusdem
1112 2335 1223 2410 speciei
1248 2336 1292 2395 ad

178 2413 277 2469 rivum
292 2414 380 2471 Duck
394 2413 488 2471 River
499 2414 641 2471 Woollsio
655 2415 779 2472 collecta
792 2415 938 2489 operculis
952 2415 1184 2490 hemisphaericis
1199 2417 1290 2474 obtu-

180 2493 303 2550 sissimis
318 2495 371 2550 vix
389 2491 444 2571 lpus
460 2494 527 2551 altis
541 2495 680 2569 gaudent.
722 2493 759 2552 Ε.
772 2495 905 2566 curvula,
919 2494 999 2553 Sieb.
1015 2496 1046 2551 in
1060 2494 1184 2570 Spreng.
1204 2495 1291 2572 Syst.

180 2574 220 2630 iv.
239 2575 304 2643 195,
325 2593 342 2632 e
361 2574 497 2649 diagnosi
519 2575 606 2632 nimis
627 2575 711 2632 brevi
731 2575 769 2632 ad
789 2576 937 2649 quandam
957 2576 1082 2650 speciem
1097 2576 1133 2633 E.
1149 2577 1291 2635 viminali

179 2661 401 2712 concatenatum
416 2656 523 2730 vergit.
565 2655 602 2712 Ε.
617 2655 775 2726 viminalis,
791 2655 889 2712 Hook.
906 2656 937 2714 in
952 2656 1058 2714 Mitch.
1074 2656 1164 2731 Trop.
1177 2655 1290 2715 Austr.

179 2752 207 2809 p.
226 2733 290 2808 157,
306 2735 430 2793 fortasse
444 2736 479 2793 E.
496 2736 630 2794 tesseiari
645 2735 803 2795 tribuenda
816 2743 903 2795 esset.

562 2947 756 3026 Eucalyptus
769 2947 904 3006 odorata.

179 3076 284 3126 Behr&
310 3075 439 3127 Schlecht
456 3077 485 3125 in
501 3076 617 3136 Linnaea,
634 3091 678 3125 xx.
697 3079 742 3126 547
755 3077 779 3124 81
795 3080 858 3134 657;
882 3075 945 3135 Miq.
965 3073 1046 3137 Stirp.
1064 3074 1129 3125 Nov.
1147 3073 1217 3124 Holl.
1237 3080 1288 3135 3³3

228 3141 256 3191 Ε.
266 3142 414 3205 cajuputea.
425 3142 454 3191 F.
464 3142 500 3191 M.
512 3141 540 3190 in
553 3142 616 3203 Miq.
629 3141 709 3204 Stirp.
721 3141 746 3189 N
747 3156 787 3191 ov.
800 3141 868 3189 Holl.
878 3146 926 3198 ³03
944 3139 974 3188 11.
987 3154 1088 3202 pomae,
1099 3140 1128 3188 F.
1138 3138 1174 3187 M
1185 3139 1202 3189 1.
1210 3153 1234 3189 c.
1245 3146 1288 3191 36.

225 3206 307 3270 (Sect.
320 3206 520 3270 Rhytiphloiae.)

218 3323 362 3394 Arbores,
377 3323 456 3380 foliis
473 3323 595 3380 alternis
612 3322 797 3381 breviuscule
808 3343 837 3381 v.
852 3323 966 3380 modice
979 3321 1127 3398 petiolatis
1141 3322 1285 3398 oblongo-

179 3423 208 3460 v.
220 3410 359 3478 angusto·
371 3404 467 3460 rarius
478 3410 579 3460 ovato·
590 3423 619 3461 v.
631 3404 920 3462 lineari-lanceolatis
935 3402 1130 3461 breviusculis
1141 3403 1286 3461 coriaceis

179 3483 312 3540 nitidulis
319 3483 518 3540 concoloribus
527 3484 836 3559 patulo-penniveniis,
845 3502 921 3542 vena
930 3484 1285 3559 periphericaamargine

179 3563 395 3634 remotiuscula‚
410 3564 545 3621 umbellis
560 3564 734 3623 axillaribus
749 3565 975 3639 lateralibusque
990 3564 1129 3621 solitariis
1139 3583 1167 3620 v.
1180 3564 1284 3620 termi-

179 3644 296 3700 nalibus
313 3643 544 3719 subpaniculatis
561 3647 614 3702 tri·
629 3666 658 3702 v.
677 3646 837 3720 plurifloris
854 3665 921 3702 raro
937 3644 1111 3714 mobilioris,
1129 3644 1292 3718 pedicellis

180 3723 289 3800 calycis
311 3724 381 3781 tubo
403 3726 479 3782 sicut
500 3727 664 3800 pedunculo
683 3727 765 3783 tenui
787 3724 1015 3800 subaequilougis
1035 3744 1063 3781 v.
1085 3723 1285 3792 brevioribus,

180 3805 289 3880 calycis
300 3807 371 3862 tubo
382 3807 545 3863 turbinato·
555 3827 584 3864 v.
596 3805 913 3864 obconico·semi0vat0
924 3805 1139 3880 longitudinem
1150 3806 1284 3879 operculi

181 3886 295 3943 couico-
317 3907 346 3943 v.
368 3887 463 3944 rarius
484 3887 852 3962 depresso-hemisphaerici
875 3887 979 3943 mutici
1000 3905 1030 3944 v.
1052 3885 1192 3961 apiculsti
1213 3887 1284 3942 sub·

180 3973 314 4041 aequante
329 3986 357 4024 v.
372 3967 433 4025 fere
448 3967 537 4043 duplo
550 3968 712 4025 excedente
726 3967 913 4041 exangulato‚
929 3966 1062 4023 arcteris
1075 3967 1198 4022 minutis
1213 3967 1284 4022 sub-

179 4049 322 4118 rotundis,
341 4068 370 4104 v.
388 4050 490 4123 paucis
514 4048 711 4105 exterioribus
734 4046 906 4120 majusculis
930 4045 1284 4116 cordato-renisormibus,

181 4127 318 4203 stigmate
337 4129 408 4204 styli
426 4128 614 4185 latitudinem
627 4128 680 4183 vix
696 4146 725 4184 v.
743 4126 830 4201 paulo
847 4135 1010 4202 superante,
1028 4127 1174 4184 fructibus
1194 4127 1284 4195 semif

180 4209 276 4266 ovatis
287 4209 341 4266 vix
352 4228 381 4266 v.
396 4209 503 4267 leviter
514 4207 662 4281 angulatis
677 4206 895 4278 3-5-loculatis‚
910 4209 1043 4283 margine
1054 4207 1176 4265 verticis
1189 4208 1285 4277 tenui,

163 4289 276 4367 *valvis
295 4288 418 4345 inclusis
434 4288 581 4355 brevibus,
596 4285 755 4343 seminibus
770 4290 879 4364 parcis
896 4289 1014 4364 optaris,
1028 4287 1187 4364 fertilibus
1207 4306 1284 4344 can-

180 4369 306 4426 cellatis.
395 4425 398 4430 .
