2926 5062
718 549 756 603 49

179 710 341 767 nitentibus
366 708 470 767 subtus
488 706 708 784 pallidioribus
730 704 831 783 opacis
859 705 1048 764 subtilissime
1071 709 1284 783 praepateutim

173 792 371 866 peaniueaiis,
387 809 463 848 vena
477 788 663 863 peripherica
676 787 805 861 margini
819 788 1033 861 approximate,
1048 785 1185 844 umbellia
1200 790 1283 863 cupi·

178 869 382 945 tuliformibur
396 869 571 927 axillaribus
584 887 653 925 mox
665 867 836 926 lateralibus
848 885 923 942 sape
934 867 1098 935 4-9-floris‚
1111 867 1284 942 pedunculis

178 951 358 1026 ancipitibus
390 949 578 1007 subcuneatis
613 948 753 1006 alabastri
788 947 1003 1022 longitudinem
1035 948 1282 1022 subaequantibus,

177 1030 329 1106 pedicellis
344 1029 485 1088 brevibus
499 1049 528 1087 v.
544 1027 699 1099 subnullis,
715 1027 825 1104 calycis
840 1028 910 1084 tubo
926 1047 1008 1103 paene
1022 1027 1163 1085 obconico
1180 1048 1283 1103 parum

179 1112 319 1186 angulato
335 1111 551 1186 longitudinem
568 1108 698 1185 operculi
717 1108 932 1182 hemisphaerioi
950 1108 1081 1165 breviter
1099 1109 1239 1184 apiculati
1255 1128 1283 1166 v.

178 1192 394 1249 subacuminati
408 1190 469 1248 fere
484 1190 573 1265 duplo
587 1190 758 1259 excedente,
774 1188 906 1245 antheris
921 1187 1081 1257 subovatis,
1098 1189 1175 1265 stylo
1190 1189 1282 1260 brevi,

178 1271 324 1329 fructibus
347 1271 517 1329 semiovatis
542 1269 753 1327 3-5-loculatis
774 1269 973 1344 exungulatus
998 1270 1110 1327 vertice
1135 1270 1230 1345 planis
1252 1277 1283 1327 et

178 1353 307 1410 tenuiter
322 1353 504 1426 marginatis,
521 1352 618 1408 valvis
638 1349 717 1407 infra
737 1351 900 1425 marginem
921 1357 1080 1425 angustum
1100 1351 1218 1435 insertis
1237 1350 1282 1407 in·

178 1433 268 1489 clusis
282 1433 429 1503 brevibus,
446 1431 607 1489 seminibus
621 1431 739 1507 apteris.

216 1512 253 1568 In
275 1513 347 1570 locis
368 1513 504 1588 ripariis;
525 1530 550 1569 e.
565 1531 594 1587 g.
618 1513 655 1570 ad
679 1519 796 1587 portum
819 1509 953 1568 Jackson
973 1518 1003 1569 et
1023 1510 1171 1568 Baulkam
1191 1511 1281 1581 Hills,

178 1593 308 1661 Woolls;
330 1594 367 1651 ad
381 1594 503 1650 flumina
519 1592 627 1669 Snowy
639 1593 739 1661 River,
752 1589 968 1666 Cabbage·tree
983 1591 1078 1649 River
1092 1600 1122 1649 et
1136 1592 1283 1667 Broadrip

177 1674 270 1731 River
288 1693 390 1731 eorum
408 1673 518 1731 ostium
535 1692 647 1744 versus,
665 1673 774 1730 ibidem
792 1672 882 1729 etiam
904 1672 1016 1729 circum
1037 1672 1158 1730 lacunas
1176 1691 1281 1747 prove-

180 1773 273 1812 niens.

217 1834 318 1891 Arbor
332 1835 400 1903 alta,
417 1833 548 1909 pulchra,
563 1833 595 1889 in
610 1841 708 1890 tractu
726 1831 822 1908 Gipps
840 1832 925 1890 Laud
942 1833 1059 1891 nominc
1080 1832 1232 1890 “Bastard
1249 1851 1283 1890 or

179 1913 298 1989 Swmnp
318 1914 506 1990 Mahagony”
525 1921 604 1970 nota.
647 1912 759 1972 Cortex
780 1913 950 1987 persistens,
976 1913 1282 1988 nigrescent-fuscus,

176 1994 302 2051 rimosus
313 2003 343 2052 et
353 2013 486 2069 rugosus.
530 1993 650 2050 Ramuli
665 1994 736 2051 satis
750 1993 873 2064 robusti,
888 1994 1006 2050 demum
1017 2002 1133 2052 teretes.
1171 1989 1280 2052 Petioli

177 2093 253 2149 saepe
270 2075 409 2146 unciales,
425 2073 621 2143 crassiusculi,
636 2074 743 2138 leniter
756 2073 955 2131 canaliculati.
987 2074 1072 2131 Folia
1091 2069 1170 2131 2-6‘''
1184 2074 1280 2149 longa,

177 2151 267 2232 {43⁰
282 2156 349 2224 lata,
371 2156 456 2213 venis
475 2154 648 2228 venulisque
666 2172 770 2229 parum
789 2154 955 2228 conspicuis
971 2172 1119 2229 percursa,
1134 2154 1283 2228 glandulis

177 2236 304 2310 primum
328 2235 546 2310 pellucentibus
570 2253 640 2291 mox
661 2234 827 2292 obliteratis
851 2233 984 2309 praedita.
1031 2234 1175 2292 Umbella
1197 2234 1282 2309 lapsu

176 2314 313 2373 loliorum
329 2335 405 2391 saepe
419 2315 594 2391 paniculatae
608 2315 748 2372 evadunt.
790 2314 956 2372 Pedunculi
967 2311 1066 2371 4-10‘'‘
1077 2314 1167 2389 longi,
1186 2311 1282 2391 13-2m

177 2397 277 2467 crassi,
301 2395 363 2454 fere
386 2396 539 2471 ancipites,
561 2414 772 2469 nonnunquam
798 2395 944 2452 1-3-flori.
986 2393 1111 2471 Calyces
1136 2394 1282 2465 nitentes3

177 2478 264 2533 tubus
285 2477 433 2534 interdurn
452 2477 547 2552 magis
563 2475 729 2551 angulatas,
745 2475 776 2531 in
790 2475 966 2550 pedicellum
980 2494 1112 2533 crassum
1126 2494 1202 2551 saepe
1216 2477 1280 2533 bre·

177 2556 330 2614 vissimum
345 2565 524 2615 attenuatus.
567 2555 747 2631 Operculum
762 2555 933 2630 plerumque
948 2557 1168 2631 exungulatum,
1185 2552 1281 2634 1}ss

177 2637 277 2694 altum.
320 2636 488 2695 Filumenta
501 2639 532 2694 in
547 2637 625 2694 sicco
645 2644 724 2694 statu
742 2636 859 2694 sordide
872 2637 958 2704 flava,
974 2636 1108 2712 longiora
1127 2634 1205 2694 3-4¹‘¹
1220 2654 1280 2694 me·

177 2717 289 2775 tientia.
332 2717 477 2775 Antherae
491 2717 611 2775 circiter
630 2713 666 2794 μ’
680 2718 782 2791 longae,
798 2717 989 2775 ochroleucae.
1032 2718 1135 2794 Stylus
1153 2713 1209 2793 Ψ
1223 2718 1280 2774 cir-

177 2798 251 2855 citer
272 2798 405 2869 metiens,
427 2796 492 2855 basi
512 2798 659 2873 gradatim
680 2798 868 2854 incrassatus.
911 2797 1039 2854 Fructus
1060 2798 1180 2855 circiter
1201 2795 1282 2854 4-5m

178 2877 266 2952 longi,
285 2878 429 2952 pedicello
450 2877 531 2934 nullo
553 2897 581 2935 v.
601 2896 699 2935 crasso
719 2877 803 2935 brevi
823 2879 860 2934 ad
880 2874 919 2934 2''‘
939 2879 1027 2953 longo
1047 2878 1172 2954 praediti,
1193 2878 1280 2936 semi-

177 2957 266 3026 ovati,
282 2976 361 3014 nunc
375 2958 469 3033 magis
484 2958 672 3034 cylindracei,
682 2976 762 3014 nunc
776 2959 870 3032 magis
885 2958 1038 3015 turbinati.
1080 2958 1185 3016 Valvae
1199 2977 1281 3034 paeue

177 3037 339 3109 deltoideae,
355 3035 390 3093 l‘'‘
401 3038 489 3113 paulo
500 3044 680 3112 superantes.
712 3036 831 3095 Semina
841 3037 984 3109 brunnen,
997 3038 1138 3114 angulata
1149 3061 1156 3106 ;
1168 3039 1282 3097 sterilia

179 3115 256 3192 t-l‘l
270 3119 376 3192 longa3
398 3117 509 3175 fertilia
523 3117 675 3187 subcvata,
691 3118 744 3174 vix
763 3113 798 3173 l‘''
813 3117 973 3175 metientia.

220 3197 340 3274 Species
359 3199 438 3255 iuter
458 3197 595 3255 arboreas
615 3196 775 3254 Australiae
794 3196 889 3254 felicis
908 3197 1008 3254 statim
1025 3196 1130 3255 fronde
1151 3206 1281 3256 saturata

177 3280 266 3337 viridi
285 3278 422 3353 foliisque
443 3278 637 3336 discoloribus
653 3276 718 3352 jam
731 3296 747 3334 e
762 3277 921 3352 longinquo
942 3277 1104 3352 recognita.
1147 3279 1281 3336 Eandem

177 3360 340 3417 similemve
354 3360 452 3436 reperi
467 3360 497 3415 in
512 3357 660 3434 paludosis
675 3358 712 3415 ad
729 3356 852 3416 Sealer’s
864 3357 954 3416 Cove.
977 3357 1110 3429 Quadam
1122 3359 1282 3434 specimina

177 3458 195 3496 a
208 3440 372 3497 clarissimo
387 3439 497 3496 Woolls
512 3441 566 3496 sub
578 3439 695 3496 nomine
706 3438 742 3496 Ε.
754 3439 887 3514 piperitae
901 3457 1016 3496 mecum
1027 3440 1241 3497 communicata
1251 3448 1281 3498 et

177 3521 215 3578 ad
238 3521 410 3596 oppidulum
433 3521 620 3577 Parramatta
642 3519 774 3591 collecta,
798 3527 913 3576 tantum
935 3519 1074 3596 operculo
1092 3521 1150 3578 rite
1168 3521 1279 3591 oonico,

177 3600 297 3657 floribus
316 3602 404 3676 paulo
424 3601 541 3676 longius
562 3599 790 3675 pedicellatiset
804 3599 901 3658 valvis
915 3618 981 3658 sera
997 3608 1084 3657 aetate
1098 3602 1281 3659 subexsertis

178 3699 195 3737 a
206 3681 331 3737 normali
345 3682 382 3738 E.
391 3681 539 3758 botryoidi
550 3680 766 3755 distinguenda
778 3687 854 3749 sunt,
864 3687 895 3738 et
905 3679 1004 3738 forsan
1016 3682 1139 3756 speciem
1153 3700 1280 3755 seorsum

176 3779 236 3816 non
245 3761 436 3819 constituunt.
459 3760 560 3835 Hujus
570 3761 683 3818 arboris
694 3761 749 3817 sub
759 3761 877 3818 nomine
889 3761 979 3819 “Red
988 3760 1162 3820 Gum·tree''
1172 3764 1280 3820 ibidem

177 3840 303 3915 cognita
317 3848 428 3913 cortex,
443 3842 620 3900 observante
634 3840 785 3910 Woollsic,
801 3859 927 3916 rugosus
945 3849 990 3899 est
1008 3851 1039 3899 et
1058 3861 1117 3899 nou
1138 3844 1279 3918 persistit.

178 3919 214 3978 Ε.
230 3920 450 3997 goniocalycem
469 3922 614 3997 imprimis
632 3921 842 3997 distinguimus
861 3921 940 3980 foliis
960 3922 1150 3998 longioribus,
1171 3942 1280 3998 angusf

177 4001 311 4071 fioribus,
340 4002 552 4075 concoloribus,
572 4020 608 4060 ea
628 4002 665 4060 E.
686 4003 813 4059 robustas
833 4002 1048 4074 simulantibus,
1072 4023 1130 4061 non
1149 4011 1280 4062 saturate

177 4081 331 4149 viridibus,
344 4081 439 4157 magis
453 4083 654 4157 prominenter
668 4089 698 4139 et
712 4082 809 4140 minus
822 4082 966 4162 patentim
981 4085 1107 4154 vencsis,
1122 4090 1153 4140 et
1166 4084 1280 4141 alabas-

178 4162 233 4219 tris
248 4161 406 4237 angulosis.
449 4162 520 4221 Icon
535 4161 623 4236 hujus
637 4162 744 4239 speciei
759 4162 866 4222 nullibi
879 4170 987 4234 exstat,
1003 4181 1094 4238 quare
1107 4164 1200 4221 donec
1214 4181 1279 4238 spe·

178 4241 287 4300 cimina
301 4241 473 4300 authentica
484 4242 614 4301 herbarii
627 4241 786 4302 Smithiani
799 4261 866 4302 cum
880 4244 990 4301 nostris
1004 4243 1200 4318 comparanda
1211 4245 1280 4316 sint,

179 4322 220 4379 nil
235 4323 308 4380 certi
323 4323 360 4380 de
373 4323 492 4382 nomine
505 4322 618 4382 arboris
632 4322 702 4381 hinc
716 4324 856 4400 descripti
870 4323 968 4382 offero.
1277 4349 1278 4353 ¹

1097 4501 1119 4540 11
