2926 5062
658 545 712 605 175

432 703 624 782 Euoulyptus
638 705 881 782 botrpoidea.—p.
896 708 943 764 48.

176 808 225 866 Ad
241 815 359 884 portum
372 807 515 867 Jackson.
559 808 668 881 White,
688 808 772 870 1794.

176 888 222 948 Cl.
233 889 356 965 Kippist
370 889 407 947 de
420 889 476 946 hac
491 890 587 964 specie
601 890 632 947 in
646 890 782 949 herbario
799 887 918 948 Smithii
932 892 1086 949 observat:
1107 890 1193 949 Folia
1206 892 1237 948 in

137 969 258 1044 antiquo
286 970 445 1045 specimine
474 977 624 1028 asservato
651 989 729 1028 nunc
757 970 819 1028 fere
843 972 1016 1043 concolorin,
1046 971 1238 1029 nihilominus
1311 1011 1317 1039 ,

137 1067 226 1125 supra
249 1051 429 1108 solummodo
451 1050 585 1109 nitentia.
627 1051 735 1108 Petioli
759 1068 827 1108 raro
847 1049 877 1125 ἴ
896 1052 1053 1128 longiores.
1095 1050 1181 1110 Folia
1201 1051 1239 1109 ad

137 1130 222 1187 basin
241 1130 398 1206 insigniter
419 1130 584 1207 inaequalia.
626 1130 771 1190 Umbellae
786 1131 940 1208 simplices,
957 1133 1104 1202 axillarea
1120 1132 1238 1190 demum

137 1210 281 1279 laterales,
297 1228 352 1269 nec
367 1211 552 1286 paniculatae,
568 1229 622 1269 neo
636 1211 816 1270 terminales.
858 1212 961 1270 Flores
977 1213 1129 1289 pedicellis
1148 1210 1238 1271 desti·

137 1290 204 1360 tuti,
224 1291 391 1370 pedunculo
408 1290 470 1349 fere
490 1292 673 1349 semiunciali
690 1292 800 1352 donati.
843 1291 1024 1369 Operculum
1036 1292 1238 1368 hemisphaeri·

138 1388 212 1441 oum,
228 1389 287 1429 non
302 1372 509 1442 acuminatum,
526 1372 580 1429 vix
594 1372 783 1448 apiculatum.

419 1532 610 1610 Eucalyptua
623 1532 893 1608 transactorum-p.
911 1535 958 1592 51.

178 1629 407 1689 Foliaadbasin
416 1629 626 1704 inaequilatera.
649 1630 777 1688 Fructus
788 1648 838 1688 ore
849 1629 911 1689 fere
922 1630 1087 1706 sanguinei.
1108 1630 1240 1706 Kippist.

419 1790 612 1869 Eucalyptus
626 1790 899 1867 Leucouplou.-p.
915 1793 964 1850 60.

180 1886 348 1964 Specimina
365 1888 499 1963 quaedam
517 1907 533 1947 e
550 1888 639 1945 Nova
655 1888 769 1965 Anglia
790 1888 964 1946 transmissa
983 1888 1046 1946 vidi
1066 1888 1241 1964 glaucedine

138 1967 300 2044 superfusa.
344 1967 416 2040 Quae
436 1976 534 2027 autem
563 1967 682 2027 arbores
710 1968 796 2026 seriei
819 1966 1092 2044 Schizophloiarum
1111 1987 1179 2027 oum
1203 1969 1239 2026 E.

137 2048 347 2126 Leucoxylone
369 2048 490 2124 conjuxi
511 2067 590 2107 nunc
618 2050 673 2106 sub
700 2049 819 2106 nomine
846 2049 883 2107 E.
903 2048 1106 2125 siderophloiae
1128 2068 1240 2124 separo.

139 2129 224 2188 Folia
236 2130 345 2208 plantas
359 2130 523 2188 hornotinae
537 2129 692 2187 seminales
706 2128 849 2205 opposita,
865 2129 1096 2199 ovato-cordata,
1112 2129 1226 2206 glabra.

421 2312 655 2391 Bolbophpllum
670 2314 887 2389 cuiquam-p.
903 2314 951 2374 72.

179 2419 216 2477 In
237 2419 359 2494 rupibus
381 2417 524 2476 muscosis
547 2417 584 2475 ad
603 2418 712 2475 flumen
732 2415 851 2495 Georgo
872 2418 974 2490 River,
990 2435 1072 2491 aeque
1094 2435 1128 2476 ac
1150 2401 1242 2493 prope

139 2501 278 2576 oppidum
292 2499 452 2574 Liverpool
465 2498 539 2574 legit
554 2497 603 2557 W.
619 2497 742 2557 Woolls.

487 2685 628 2762 Coponio
641 2688 834 2762 stipata-p.
850 2684 898 2746 75.

179 2784 291 2921 Affinip)
303 2782 540 2942 G3.)Lessertiana
557 2781 722 2858 (Cambess.
737 2783 768 2838 in
782 2779 873 2840 Mem.
889 2781 928 2839 du
947 2780 1026 2840 Mus.
1045 2781 1154 2840 d’Hist.
1169 2780 1241 2840 Nat.

141 2866 226 2924 xviii.
240 2873 271 2923 tu
292 2908 300 2923 .
352 2907 358 2922 .

412 3099 415 3103 ῃ
524 3024 794 3101 Ixiosporum.—-p.
811 3022 859 3082 76.

181 3129 286 3205 Quoad
299 3131 405 3189 florum
420 3137 600 3189 structuram
614 3149 632 3187 a
646 3127 810 3187 Citriobato
824 3126 961 3203 generice
975 3127 1078 3187 divelli
1092 3129 1216 3203 nequit..

450 3319 648 3397 Eloeocarpua
660 3319 868 3395 prandia—p.
883 3319 931 3375 81.

181 3419 218 3478 Ε.
232 3417 350 3495 ganitro
363 3416 555 3493 propinquus.

480 3576 609 3634 Geiaaois
623 3533 850 3652 ruhifolia.—p.
866 3576 914 3632 82.

142 3674 354 3833 lonilgrgtpirpeartta
368 3673 438 3752 (As.
451 3672 543 3750 Gray,
557 3674 588 3731 in
597 3672 688 3732 Wilk.
700 3673 741 3732 U.
753 3671 783 3732 S.
794 3671 884 3749 Expl.
898 3671 1013 3747 Exped.
1029 3690 1058 3747 p.
1070 3670 1108 3733 67
1111 3674 1137 3743 8,
1154 3680 1175 3731 t.
1188 3672 1242 3750 86)

420 3915 631 3974 Weinmannia
640 3914 906 3994 particulata-p.
924 3915 971 3971 83.

183 4013 301 4073 Nomen
328 4014 360 4070 in
386 4011 433 4070 W.
461 4012 662 4086 paniculosam
689 4012 863 4070 mutandum
890 4011 955 4080 erit,
984 4028 1022 4067 ne
1050 4027 1116 4068 cum
1144 4010 1245 4085 planta

144 4094 336 4154 Cavanillesii
351 4095 529 4169 homonyma
542 4110 558 4150 e
571 4111 664 4168 regno
678 4091 811 4151 Chilensi
827 4091 1066 4150 confunderetur.

183 4175 235 4233 Ad
248 4176 357 4234 flumen
372 4173 518 4249 Hastings
532 4173 643 4247 reperit
656 4173 792 4231 Beckler.

185 4256 271 4314 Folia
305 4255 414 4332 passim
450 4272 466 4312 e
493 4252 603 4325 foliolis
638 4252 656 4312 7
686 4258 830 4312 constant.
875 4249 1008 4328 Stipellae
1044 4251 1244 4323 subcoriaceae,

145 4336 312 4394 dimidiato·
334 4357 363 4395 v.
384 4333 684 4405 lineari-lanceolata,
707 4333 891 4402 acutissimae,
917 4329 1035 4409 lp-W‘
1057 4333 1159 4408 longa,
1177 4351 1247 4391 mox

146 4417 294 4475 cadentes.
