2926 5062
216 1003 631 1113 s'nncusnna
692 1035 1263 1112 retrocurrere·

533 1186 910 1263 nosnatura.

608 1926 848 1985 Drnnnmncnrs.

575 2030 735 2090 Hibbertia
749 2034 876 2109 spicata.

590 2132 671 2196 (Sect.
683 2132 867 2196 Pleurandra)

218 2223 321 2282 Remis
343 2224 491 2300 angulatis
513 2225 625 2301 glabris
649 2227 806 2296 scabrisve‚
826 2224 906 2283 loliis
927 2224 1066 2283 coriaceis
1086 2223 1226 2300 oblongo·
1248 2244 1275 2282 v.

160 2304 481 2380 angusto-linearibus
505 2305 713 2365 subsessilibus
734 2305 853 2364 muticis
872 2306 1006 2382 margine
1025 2305 1168 2363 revolutis
1188 2323 1279 2381 supra
1390 2311 1396 2328 ¹

178 2385 341 2443 nitentibus
356 2387 459 2444 subtus
473 2387 645 2445 tenuissime
659 2386 940 2456 cinereo-velutinis,
957 2387 1048 2464 apicis
1063 2384 1278 2463 pedunculctis

177 2465 402 2524 collateraliter
411 2467 592 2545 paucsfloria
612 2468 780 2539 bracteatis,
802 2468 975 2524 staminibus
1000 2468 1096 2523 ll-l3
1117 2466 1276 2524 unilatera·

175 2545 263 2615 libus,
280 2547 413 2605 antheris
426 2547 734 2624 oblongo-linearibus,
750 2548 931 2623 germinibus
945 2547 1058 2605 duobus
1072 2545 1224 2605 velutinis.

217 2626 269 2684 Ad
283 2635 399 2702 portum
415 2625 562 2703 Gregorii.
605 2628 736 2687 Walcott
749 2636 779 2686 et
794 2627 931 2687 Oldfield.

218 2705 306 2764 Rami
320 2707 397 2764 fusci
410 2709 547 2766 nitentes.
577 2706 739 2767 Cicatrices
753 2709 960 2783 prominentes.
990 2706 1076 2765 Folia
1085 2706 1278 2782 utplurimum

177 2787 307 2845 uncialis
334 2807 360 2845 v.
386 2788 474 2863 paulo
501 2788 635 2864 longiora
662 2796 713 2845 aut
740 2788 884 2858 breviora,
913 2784 990 2845 1-2‘''
1014 2788 1082 2859 lata,
1110 2787 1276 2858 uninomia,

178 2869 292 2936 avenis,
313 2886 401 2942 supra
418 2868 483 2926 laete
503 2868 633 2926 virentia
648 2876 679 2926 et
696 2869 814 2945 punctis
838 2868 1011 2944 prominulis
1035 2873 1178 2942 asperata.
1220 2867 1277 2925 Pe·

178 2945 299 3002 dunculi
326 2948 462 3020 puberuli
486 2967 514 3004 v.
541 2947 638 3022 glabri
664 2945 734 3025 Η
761 2948 843 3024 longi
871 2946 948 3005 infra
972 2949 1083 3024 spicam
1107 2948 1276 3006 ebracteati.

179 3025 281 3082 Flores
301 3025 444 3100 pedicello
466 3026 562 3083 orbati
584 3027 629 3084 bi·
649 3047 678 3085 v.
700 3028 922 3095 tribracteolati‚
942 3028 1060 3086 infimus
1084 3035 1280 3103 autemsaepe

178 3107 372 3163 ebracteatus.
413 3105 547 3163 Bracteae
563 3123 622 3162 una
634 3104 752 3176 besalis,
770 3109 826 3162 1-2
842 3106 987 3178 laterales,
1006 3103 1082 3164 l-2l'
1095 3108 1199 3181 longae,
1214 3108 1279 3166 sive

177 3186 304 3244 lineares
326 3204 430 3244 crassae
450 3185 714 3256 subcanaliculatae,
736 3186 798 3243 sive
817 3185 986 3242 lanceolata
1006 3187 1055 3244 vel
1075 3187 1165 3243 immo
1182 3193 1277 3245 ovatae

178 3275 209 3324 et
227 3273 299 3326 tunc
317 3267 478 3325 teneriores
497 3275 527 3325 et
543 3267 645 3343 planae,
667 3274 700 3324 ut
724 3265 838 3343 calyces
860 3284 938 3323 nunc
957 3265 1068 3341 glabra
1086 3283 1166 3324 nunc
1184 3266 1277 3342 pube·

179 3356 303 3407 scentes.
340 3347 445 3424 Sepala
458 3349 607 3406 exteriora
620 3346 743 3406 foliacea
756 3346 931 3405 lanceolato-
941 3365 969 3402 v.
982 3346 1145 3404 lato-ovata
1159 3347 1279 3405 circiter

178 3425 217 3484 2'l
244 3429 340 3502 longa,
370 3429 511 3486 interiora
537 3428 805 3497 orbiculari-ovata,
830 3427 868 3484 ad
890 3423 928 3484 3¹⁶
947 3427 1044 3503 longa,
1063 3427 1197 3501 margine
1216 3426 1278 3486 late

178 3511 373 3567 membraneo.
415 3509 520 3567 Petala
543 3508 673 3584 calycem
697 3527 756 3566 non
777 3508 866 3583 longe
890 3508 1069 3582 superantia.
1111 3507 1279 3566 Filamenta

178 3589 343 3664 perbrevis.
385 3588 529 3648 Antherre
543 3587 605 3647 fere
619 3589 726 3647 lineam
740 3589 843 3663 longae.
885 3588 1015 3646 Fructus
1029 3589 1119 3646 deest.

222 3669 341 3742 Species
361 3671 518 3726 transitum
533 3690 551 3727 a
563 3668 755 3727 Pleurandris
770 3669 807 3726 ad
821 3668 1068 3745 Hemistemmata
1086 3666 1277 3726 manifestum

179 3751 286 3807 reddit.
330 3748 464 3808 Stamina
485 3751 563 3807 enim
582 3757 651 3807 sunt
671 3769 706 3808 ea
728 3750 863 3825 genuinae
883 3748 1074 3806 Pleurandrae
1085 3771 1093 3816 ;
1114 3749 1211 3826 quoad
1231 3748 1277 3807 in·

180 3828 396 3886 florescentium
429 3830 540 3906 species
567 3829 805 3888 Hemistemmati
832 3831 984 3905 pertinet3
1018 3836 1130 3888 stamen
1158 3830 1279 3904 insuper

180 3927 272 3965 unum
305 3907 468 3967 alterumve
501 3917 662 3968 castratum
689 3931 719 3968 v.
746 3911 870 3968 minutio
903 3908 1108 3986 imperfectum
1140 3910 1277 3969 ostendit.

180 3985 279 4057 Quum
294 3994 391 4043 autem
404 3989 515 4047 hancce
529 3998 629 4047 notam
642 4010 701 4049 non
721 3997 903 4049 constantem
917 3999 948 4048 et
962 3990 1170 4075 staminodiupr
1183 4009 1278 4048 unum

180 4066 343 4124 alterumve
358 4064 422 4140 jam
444 4069 474 4125 in
496 4069 562 4126 aliis
583 4069 775 4129 Pleurandris
803 4078 833 4129 et
855 4070 1021 4128 Hibbertiis
1048 4071 1276 4147 observaverim,

180 4164 259 4203 nunc
286 4145 380 4203 tutius
408 4146 489 4216 duxi,
515 4150 614 4206 omnia
635 4150 882 4210 Hemistemmata
909 4150 1076 4210 Hibbertiis
1104 4150 1277 4210 coadunare.

180 4225 232 4282 Ad
252 4224 439 4282 Hibbertiam
464 4228 701 4305 trachyphyllam
722 4231 853 4308 pertinet
872 4238 1009 4290 monente
1032 4231 1103 4289 clar.
1122 4231 1278 4290 Lehmann

183 4305 237 4381 (pl.
254 4305 363 4363 Preiss.
379 4304 408 4362 ii.
425 4306 499 4381 236)
517 4306 702 4367 Pleurandra
714 4311 920 4386 hypericoides
933 4308 1021 4381 D.O.,
1037 4329 1102 4386 qua
1117 4311 1277 4370 secundum

182 4387 328 4460 specimen
349 4385 492 4460 originale
512 4386 642 4445 herbarii
656 4388 817 4448 Preissiani
836 4391 982 4467 precipue
1003 4393 1159 4467 praesentia
1178 4396 1278 4448 stami-
