2926 5062
669 536 703 596 17

130 698 274 757 tenuitate
291 704 322 757 et
340 699 484 757 seminum
504 697 599 754 forma
617 698 821 772 magnitudine
837 715 865 754 v.
882 696 977 755 colore
994 699 1069 755 bene
1088 696 1234 755 discrimi-

129 780 229 837 nanda
242 787 296 838 est.

504 883 675 961 Dumpiero
689 880 862 940 diloculum.

170 988 333 1060 Herbacea,
356 990 546 1058 adscendens,
569 989 680 1064 glabra,
700 990 790 1046 ramis
813 988 974 1064 gracilibus
996 989 1130 1063 trigonis,
1155 987 1234 1046 foliis

128 1069 224 1143 planis
244 1071 414 1128 lanceolatis
436 1091 465 1128 v.
490 1069 782 1128 lineari-lanceolatis
805 1069 955 1126 sessilibus
983 1069 1182 1144 integerrimis
1204 1089 1233 1125 v.

128 1157 240 1207 remote
258 1158 289 1209 et
310 1159 414 1226 argute
435 1150 572 1221 dentatis,
590 1150 765 1225 pedunculis
785 1149 959 1207 axillaribus
978 1166 1008 1207 et
1030 1151 1234 1207 terminalibus

128 1230 285 1288 2-3·floris
294 1231 365 1299 folia
372 1232 591 1304 aequantibusv.
599 1231 813 1305 superantibus,
824 1231 950 1288 bracteis
960 1230 1232 1301 lineari-subulatis,

127 1310 242 1367 corolla
257 1321 341 1369 ectus
350 1312 526 1390 parcissime
537 1313 657 1381 sericea,
674 1313 782 1389 drapie
796 1310 968 1368 bilocalatis
981 1311 1133 1387 puberulis
1148 1311 1232 1385 ellip-

130 1391 247 1449 soideis.

166 1471 205 1526 In
229 1471 353 1529 collibus
375 1471 510 1529 calcariis
535 1489 625 1546 prope
645 1471 878 1547 promontorium
898 1470 1120 1530 Leschenaultii
1144 1477 1174 1529 et
1201 1472 1233 1529 in

128 1548 201 1607 locis
215 1552 344 1608 humidis
359 1553 396 1609 ad
410 1553 638 1610 vassa-flumen.
681 1551 720 1608 A.
738 1551 874 1611 Oldfield.

167 1631 270 1689 Herba
292 1633 415 1689 flaccida
433 1635 492 1690 2-3
514 1633 634 1708 pedalis.
677 1632 763 1689 Folia
785 1629 873 1709 1-2}'‘
897 1631 995 1705 longa.
1037 1630 1171 1688 Bracteae
1194 1631 1232 1688 ad

126 1710 211 1768 basin
230 1713 367 1787 pedicelli
386 1732 461 1788 saepe
478 1714 625 1783 solitariae,
643 1709 840 1787 2-6'“10ngae.
882 1712 1045 1770 Bracteolae
1065 1714 1102 1770 ad
1119 1713 1232 1786 apicem

125 1792 264 1866 pedicelli
279 1794 426 1868 oppositae,
446 1790 542 1870 l-2l‘l
556 1794 658 1868 longae,
674 1812 884 1867 nonnunquam
898 1794 1077 1850 deficientes.
1113 1792 1232 1851 Corolla

127 1869 206 1928 4-8'‘¹
221 1873 310 1947 longa
323 1874 450 1931 coerulea
464 1895 491 1931 v.
508 1892 623 1942 cornea,
638 1874 754 1931 laciniis
772 1870 868 1951 lss—dl‘
885 1873 981 1948 longis
999 1874 1059 1930 late
1079 1880 1109 1931 et
1128 1872 1232 1931 obtuse

127 1952 231 2019 alatis3
260 1954 407 2028 unguibus
428 1955 561 2028 margine
586 1954 705 2011 inflexis
727 1955 925 2030 superioribus
946 1954 1231 2028 nigro-auriculatis.

129 2029 264 2090 Stamina
274 2053 357 2109 paene
369 2030 404 2089 l'''
414 2034 511 2109 longa,
526 2033 637 2108 glabra,
650 2035 727 2109 stylo
741 2033 873 2092 breviter
887 2042 1032 2109 superata.
1076 2028 1231 2091 Indusium

126 2114 306 2186 nigrescens,
323 2114 443 2172 nudum.
488 2114 603 2189 Stigma
619 2115 727 2188 partim
746 2122 906 2172 exsertum.
949 2115 1053 2189 Drupa
1070 2115 1230 2186 bilinearis,

126 2192 235 2251 leniter
248 2213 421 2270 compressa,
437 2195 584 2270 disperma
598 2214 626 2251 v.
643 2196 746 2251 abortu
761 2211 972 2269 monosperma.

167 2273 295 2350 Propter
322 2275 470 2350 capsulam
498 2274 697 2342 biloculatam,
726 2294 791 2349 quea
819 2275 908 2332 etiam
936 2276 966 2330 in
988 2274 1025 2330 D.
1050 2275 1230 2333 Verreauxii

130 2357 286 2429 provenire
307 2357 433 2425 videtur,
455 2356 566 2431 species
588 2374 654 2412 cum
676 2354 817 2413 Scaevolis
836 2363 1028 2412 concatenata
1050 2361 1104 2427 est,
1127 2357 1233 2414 habitu

130 2435 292 2493 Scaevolam
306 2437 519 2495 clandestinam
534 2434 755 2511 (Diaspasidem
768 2435 912 2492 filifoliam
924 2435 960 2491 R.
973 2435 1040 2506 ΒΓ.)
1056 2437 1127 2494 satis
1141 2456 1230 2493 aemu-

127 2516 216 2590 latur,
237 2518 315 2574 inter
332 2536 509 2592 congeneres
529 2518 567 2574 D.
583 2524 761 2592 prostratam
781 2518 976 2591 approximat.
1018 2516 1056 2572 In
1071 2517 1232 2591 Dampiera

127 2596 323 2654 Reinwardtii
337 2599 458 2655 floribus
469 2598 556 2655 flavis
566 2596 733 2656 Goodenias
747 2597 908 2656 mentiente
922 2598 1078 2655 observavi
1092 2598 1231 2655 antheras

123 2675 186 2750 jam
201 2679 255 2734 sub
275 2679 390 2736 anthesi
408 2679 518 2735 solutas
538 2685 567 2735 et
584 2679 708 2753 drupam
729 2677 1114 2752 lenticulari-compressam.
1157 2678 1231 2735 Haec

127 2758 229 2831 planta
243 2776 310 2814 cum
328 2759 429 2816 multis
449 2758 514 2815 aliis
531 2757 594 2832 jam
611 2758 724 2833 pridem
739 2759 776 2816 ad
791 2777 953 2834 cygnorum
967 2758 1090 2815 fluvium
1105 2759 1232 2833 repertis

128 2837 269 2895 ditionem
283 2839 412 2896 fluminis
423 2839 598 2896 Murchison
609 2839 746 2914 adtingit.

524 2997 695 3075 Dampiero
709 3001 831 3057 incana.

557 3101 588 3151 R.
599 3101 643 3148 Br.
655 3101 741 3162 prodr,
754 3107 809 3150 588.

170 3193 367 3261 Fruticulosa,
379 3198 485 3261 erecta,
498 3191 567 3266 pilis
579 3193 703 3250 ramosis
714 3193 803 3251 dense
814 3191 931 3250 albidu-
943 3212 969 3250 c.
982 3212 1057 3250 cano
1069 3203 1230 3251 tomentosu

127 3274 224 3330 rarius
244 3274 388 3348 glabrata,
412 3273 502 3330 ramis
523 3273 731 3344 teretiusculis,
751 3272 841 3350 foliis
868 3272 1020 3330 sessilibas
1040 3284 1180 3331 cuaeuto-
1202 3295 1229 3330 a.

127 3353 403 3431 oblongo-odovacar
418 3374 444 3410 o.
462 3353 638 3412 lanceolutis
652 3356 786 3430 margine
799 3354 895 3429 planis
912 3354 1185 3429 repando-dentatis
1200 3375 1229 3412 v.

128 3435 334 3510 integerrimis,
349 3434 524 3510 pedunculis
541 3435 674 3493 unifloris
694 3456 722 3494 v.
746 3435 882 3511 spicatim
902 3435 995 3509 pluri·
1010 3455 1038 3491 v.
1054 3435 1229 3506 multifloris,

128 3516 236 3573 corolla
250 3524 337 3574 extus
356 3522 463 3590 praeter
479 3515 540 3572 alas
561 3533 688 3592 cyaneas
707 3517 997 3574 sericeo-tomentosa
1016 3515 1096 3573 intus
1117 3516 1228 3591 glabra,

128 3596 201 3654 lobis
215 3595 286 3653 labii
301 3595 389 3654 inferi
403 3596 461 3653 late
477 3596 683 3667 alato-bilobis,
700 3597 774 3655 lobis
792 3597 863 3654 labii
885 3597 986 3670 superi
1005 3597 1138 3671 margine
1153 3597 1228 3655 iute-

125 3677 204 3734 riore
217 3676 387 3752 imperfecte
402 3676 496 3746 alatis,
512 3677 607 3753 drupa
619 3677 735 3735 minuta
752 3683 917 3736 tomentosa
935 3675 1117 3736 unilooulata
1129 3696 1229 3735 mono·

122 3775 252 3831 sperma.

167 3837 205 3893 In
233 3837 343 3912 campis
368 3837 499 3895 arenosis
524 3837 602 3894 inter
624 3837 748 3895 flumina
774 3837 949 3895 Murchison
975 3844 1004 3896 et
1027 3837 1108 3896 Hutt
1134 3838 1229 3897 River

127 3916 289 3974 Australiae
307 3918 516 3985 occidentalis;
544 3919 581 3974 ad
604 3918 697 3976 fluvia
715 3918 842 3993 Darling
859 3925 889 3975 et
909 3919 1050 3994 Murray;
1079 3921 1110 3976 in
1131 3926 1230 3979 tractu

128 4015 249 4055 arenoso
263 3997 301 4054 ad
314 3999 436 4057 flumina
450 3996 596 4056 Hooker's
613 3997 709 4056 Creek
724 4006 753 4057 et
769 3997 877 4057 Sturt's
892 3999 989 4059 Greek
1008 4007 1038 4057 et
1055 4000 1119 4057 sine
1139 4001 1230 4058 dubio

127 4096 180 4153 per
194 4096 330 4152 magnam
344 4078 506 4137 Australiae
520 4079 658 4137 centralis
673 4087 795 4154 partem.

167 4157 281 4216 Frutex
296 4157 368 4216 1-4'.
398 4159 485 4216 Remi
499 4178 708 4235 nonnunquam
722 4166 851 4219 tomento
861 4160 998 4236 elongato
1013 4159 1115 4216 lanosi.
1144 4158 1232 4218 Folia

128 4235 218 4317 l-lll
241 4239 338 4313 longa.
380 4240 544 4297 Peduneuli
569 4260 647 4298 nuuc
666 4241 786 4299 unifiori
809 4249 839 4299 et
864 4242 894 4297 iu
914 4241 1085 4317 corymbum
1106 4240 1228 4314 panicu-

127 4317 224 4376 lamve
245 4318 378 4377 foliatam
399 4320 541 4394 dispositi,
563 4340 642 4378 nunc
664 4323 775 4397 spicam
796 4321 996 4396 spithamaeam
1013 4340 1041 4376 v.
1064 4321 1229 4381 breviorem

128 4399 276 4476 aplryllam
294 4400 407 4458 minute
429 4402 609 4459 bracteatam
627 4410 772 4477 gerentes.
816 4401 913 4477 Galyx
927 4400 1039 4458 florifer
1052 4401 1161 4460 lineam
1175 4403 1229 4460 vix

1048 4499 1069 4538 n
