2926 5062
752 539 788 593 12

645 696 722 754 Sida
736 715 898 775 osycmpo.

646 797 728 861 (Sect.
740 799 891 862 Abutilon)

260 886 423 959 Harbaosa
444 887 559 958 diffusa,
581 890 813 946 tenui-velutina
834 897 864 948 et
886 890 974 947 simul
992 889 1106 960 villosa,
1121 888 1213 966 soliis
1233 887 1321 964 longe

218 968 366 1042 petiolatis
381 987 396 1024 e
410 967 476 1024 basi
493 970 619 1026 cordata
636 968 916 1027 ovato-lanceolata
937 972 1069 1028 arctatis
1088 977 1320 1028 serrato-crenu-

218 1047 288 1105 latis
312 1066 379 1104 raro
401 1048 547 1119 lobulatis,
572 1049 689 1123 stipulis
714 1050 977 1108 lineari-subulatis
999 1051 1126 1120 caducis,
1148 1049 1321 1126 pedunculis

219 1127 394 1185 axillaribus
408 1128 547 1186 solitariis
562 1130 695 1186 unifloris
709 1130 848 1187 tenuibus
866 1131 968 1206 calyce
982 1130 1028 1186 bis
1042 1130 1191 1205 pluriesve
1206 1131 1318 1205 longio-

216 1208 299 1265 ribus
319 1209 431 1283 apicem
453 1208 557 1266 versus
578 1209 752 1280 articulatis,
771 1209 881 1286 calycis
901 1210 1117 1285 hemisphaerici
1134 1211 1319 1285 quinquefidi

216 1288 333 1345 laciniis
347 1288 679 1348 deltoideo-lanceolatis
694 1291 932 1362 subacuminatis,
945 1291 1091 1368 carpidiir
1105 1293 1165 1348 &9
1179 1292 1321 1348 relatiuis

216 1370 356 1426 rostratis
370 1369 525 1444 dispermis
545 1370 603 1427 alte
620 1373 754 1428 connatis
774 1372 904 1447 calycem
924 1371 1081 1445 conspicue
1103 1372 1318 1446 superantibus,

218 1448 379 1507 seminibus
393 1450 631 1524 nigrescentibus
644 1451 755 1526 glabris
770 1451 976 1509 verruculosis.

256 1529 294 1586 In
309 1531 402 1605 pratis
417 1530 454 1587 ad
467 1530 589 1588 flumina
603 1531 734 1609 Fitzroy,
750 1531 933 1603 Mackenzie,
951 1530 1062 1602 Suttor,
1080 1531 1219 1600 Dawson,
1241 1530 1319 1588 Bur·

215 1616 281 1668 nott
295 1617 325 1668 et
339 1610 466 1686 Darling
480 1611 581 1668 Rivcr.

259 1689 364 1748 Herba
383 1692 523 1768 perennis
544 1691 681 1748 cubitalis
698 1712 726 1748 v.
746 1692 894 1750 humilior.
936 1692 1024 1749 Rami
1043 1697 1177 1767 patentes
1201 1698 1319 1750 teretes.

217 1769 303 1827 Folia
325 1768 414 1848 l-2ll
435 1771 533 1846 longa.
578 1769 701 1845 Stipulae
723 1773 832 1830 lineam
851 1773 905 1830 vix
931 1779 1112 1848 superantes.
1153 1772 1319 1829 Pedunculi

216 1847 289 1925 Η
311 1851 401 1925 longi.
444 1851 569 1928 Calyces
589 1849 881 1928 2-3‘'¹10ngitudine.
922 1853 1028 1910 Petala
1045 1853 1134 1910 lutea.
1177 1852 1318 1926 Carpidia

216 1930 337 1988 circiter
353 1927 392 1987 4‘¹'
408 1930 504 2007 longa,
525 1933 556 1988 in
574 1938 704 1989 rostrum
722 1933 776 1990 vix
798 1930 833 1991 1¹¹¹
855 1935 975 2010 longum
994 1940 1156 1992 attenuata.
1200 1932 1319 1992 Semina

214 2029 299 2087 paene
314 2007 351 2069 lm
365 2011 463 2087 longa.

622 2114 700 2175 Sida
715 2116 911 2196 leucopetala.

642 2217 723 2282 (Soet.
735 2220 886 2282 Abutilon)

255 2312 436 2383 Fructicosa,
448 2312 589 2383 velutina,
600 2313 690 2369 ramis
705 2313 792 2369 simul
805 2313 929 2386 villosis,
936 2311 1028 2388 foliis
1041 2312 1173 2369 cordatis
1187 2313 1318 2369 breviter

215 2393 390 2450 acuminatis
404 2392 608 2465 irregulariter
620 2391 749 2448 dentatis
763 2392 850 2466 longe
863 2392 1022 2467 petiolatis,
1037 2392 1153 2466 stipulis
1167 2393 1317 2449 subulato-

214 2472 384 2541 linearibus,
404 2471 578 2546 pedunculis
597 2471 771 2528 axillaribus
793 2471 933 2528 solitariis
951 2471 1084 2528 unifloris
1104 2472 1187 2545 apice
1206 2473 1316 2529 articu-

213 2552 290 2621 latis,
302 2550 414 2628 petalis
427 2553 546 2627 mopair
565 2549 644 2608 albis
664 2549 794 2626 calycem
814 2552 1063 2628 campanulatam
1082 2551 1209 2609 breviter
1227 2555 1315 2629 qaia·

214 2632 366 2710 quoidam
380 2631 425 2689 bis
441 2640 521 2688 terve
539 2630 750 2706 superantibus
768 2629 882 2690 inferne
900 2631 1137 2707 pubescentibus,
1156 2633 1316 2691 filamentis

212 2713 415 2771 mediotenus
435 2711 467 2768 in
487 2712 652 2768 columnam
675 2713 883 2787 pubescentem
905 2712 1048 2784 connatis,
1072 2713 1192 2787 capsula
1214 2714 1315 2790 calyce

212 2799 351 2869 superata
364 2794 548 2851 9-10·c0cca
560 2793 924 2868 tomentoso-pubescenta,
940 2794 1036 2851 coccis
1050 2793 1185 2851 connatis
1204 2795 1314 2852 acumi-

211 2874 289 2931 natis
307 2873 509 2948 l-3-spermis,
525 2872 685 2930 seminibus
698 2872 790 2930 fuscis
803 2874 964 2948 puberulis.

251 2954 289 3011 In
312 2953 406 3028 pratis
428 2953 546 3029 ripariis
562 2952 600 3009 ad
620 2953 766 3029 originem
785 2953 871 3011 fluvii
884 2954 1026 3013 Victoriae
1045 2959 1075 3013 et
1093 2954 1153 3012 rivi
1168 2953 1313 3013 Hooker's

212 3033 309 3093 Greek
323 3051 400 3092 rara.

252 3116 367 3173 Frutex
382 3113 590 3190 paucipedalis.
632 3113 717 3172 Folia
729 3116 923 3190 utplurimum
940 3111 1009 3172 1-2s'
1023 3117 1112 3190 longa
1132 3116 1194 3173 fera
1209 3134 1312 3173 conco·

209 3195 283 3254 loria
297 3203 404 3271 praeter
416 3196 622 3253 indumentum
635 3195 801 3253 velutinum
815 3196 1015 3271 pubescentia.
1059 3194 1181 3270 Stipulae
1196 3196 1314 3251 caducae

207 3273 287 3335 4-6'''
311 3277 415 3351 longas.
455 3275 620 3333 Pedunculi
645 3277 731 3332 semi·
748 3277 786 3332 ad
808 3274 1051 3349 sesqui-unciales
1072 3274 1199 3331 velutini
1224 3283 1312 3347 atque

210 3357 318 3414 villosi.
361 3355 459 3432 Calyx
472 3356 527 3413 vix
541 3356 579 3412 ad
592 3355 731 3412 trientem
747 3356 842 3425 fissus,
862 3361 950 3412 extus
969 3354 1127 3420 velutinus,
1147 3353 1227 3409 intus
1244 3355 1311 3409 sub·

126 3490 128 3495 2
211 3438 349 3495 sericeus.
392 3435 511 3494 Corolia
527 3435 663 3510 pollicem
677 3435 766 3508 paulo
780 3435 935 3505 excedens,
950 3450 1076 3509 superne
1090 3431 1202 3507 glabra.
1246 3431 1313 3490 Sta·

210 3518 291 3575 mina
305 3517 443 3574 corollam
456 3514 661 3589 subaquantia
673 3513 845 3588 penicillum
858 3513 1041 3583 mentientia,
1059 3530 1185 3587 superne
1198 3512 1310 3586 glabra.

212 3598 353 3674 Carpidia
363 3597 395 3653 in
406 3595 556 3671 capsulam
565 3594 753 3652 loculicidam
763 3594 870 3651 coalita
881 3594 934 3651 vix
948 3600 1035 3650 aetate
1049 3592 1225 3667 separabilia
1234 3589 1314 3649 4-5''‘

209 3679 308 3754 longa.
351 3677 471 3736 Semina
484 3675 538 3732 vix
556 3672 592 3731 l'''
604 3674 766 3732 metientia.

232 3775 234 3779 ’
254 3758 326 3818 Sida
345 3757 490 3827 tubulosa,
509 3773 574 3829 quae
592 3775 609 3812 a
626 3755 693 3812 lacu
707 3755 837 3811 Tor-rens
855 3771 948 3827 usque
965 3753 1002 3810 ad
1020 3753 1129 3811 flumen
1143 3753 1269 3828 Darling
1283 3760 1314 3812 et

210 3837 366 3896 Burdekin
385 3835 521 3894 extendit
540 3842 570 3892 et
589 3833 674 3908 cujus
692 3833 838 3910 specimen
853 3832 1092 3891 Mitchellianum
1111 3835 1313 3892 authenticum

211 3916 388 3991 comparavi,
412 3915 607 3989 distinguitur
628 3914 708 3972 foliis
732 3914 827 3988 magis
856 3914 953 3971 ovatis
980 3914 1182 3984 discoloribus,
1212 3916 1313 3991 calyce

210 4000 432 4065 decemcostato,
448 3995 553 4068 petalis
566 3995 677 4071 glabris
691 3995 787 4064 luteis,
802 3994 959 4053 filamentis
973 3994 1062 4052 altius
1076 3996 1210 4054 connatis
1225 3997 1311 4053 semi-

209 4079 354 4150 nibusque
367 4075 486 4150 glabris.
1104 4074 1107 4082 '

250 4155 365 4213 Praeter
394 4153 495 4212 Sidam
522 4154 698 4229 pulchellam
725 4156 789 4214 haec
816 4173 894 4214 nova
922 4156 1032 4231 species
1056 4163 1102 4214 est
1123 4157 1213 4214 unica
1234 4156 1312 4214 inter

210 4254 380 4296 numerosas
401 4234 697 4294 Novo-Hollandicas
721 4236 829 4310 petalis
850 4237 925 4295 albis
948 4243 1060 4295 ornata.
1109 4236 1228 4312 Species
1248 4256 1311 4294 non

210 4315 362 4375 dissimilis
375 4323 421 4374 est
437 4313 466 4373 S.
483 4316 634 4394 populneae
649 4325 679 4374 et
695 4314 726 4376 S.
740 4316 850 4397 Lyallii
864 4317 895 4375 in
909 4317 940 4378 N
941 4335 997 4376 ova
1011 4317 1169 4377 Zaleandia
1183 4317 1311 4393 vigenti-

208 4399 272 4454 bus.
