2926 5062
83 4634 169 4768 Χ

746 518 802 578 174

581 680 770 758 Eucolyptus
779 680 971 757 paniculum.

452 774 504 825 Sm.
515 775 543 824 in
553 775 689 825 lransact.
701 775 776 824 Linn
786 773 842 824 Soc.
854 775 891 826 iii.
903 777 950 824 287
964 773 1027 838 (non
1038 773 1070 825 D.
1080 774 1130 838 0.).

216 848 221 856 ”
265 857 399 915 Ramulis
424 858 571 934 angulatis
598 876 668 916 mox
697 860 848 929 teretibus,
867 858 961 934 foliis
988 858 1110 915 alternis
1137 857 1326 915 breviuscule

224 938 372 1014 petiolatis
389 941 440 996 ain
453 940 595 997 coriaceis
602 939 675 1016 fere
691 939 894 1016 imperforatis
905 940 1096 1015 pennioeniis
1109 939 1282 997 lanceolatis
1298 958 1326 996 v.

223 1017 589 1078 falcato-lanceolatisbasi
603 1021 699 1078 acutis
710 1019 891 1094 subobliquis
905 1020 988 1095 apice
1002 1019 1326 1088 curvato-acuminatis,

222 1117 301 1156 vena
310 1100 495 1176 peripherica
504 1100 631 1176 margini
642 1101 854 1176 approximate,
864 1099 1002 1158 umbellis
1016 1099 1175 1179 3-4·floris
1189 1102 1222 1157 in
1234 1101 1326 1176 pani-

224 1180 325 1237 culum
338 1200 365 1238 u.
381 1200 531 1238 racemum
550 1181 734 1239 terminalem
751 1182 911 1259 dispositis,
931 1181 1105 1256 pedunculis
1127 1179 1188 1238 fere
1208 1198 1326 1237 semun-

224 1260 349 1318 cialibus
369 1261 579 1336 pedicellisque
600 1262 756 1337 angulatis,
777 1261 887 1338 calycis
905 1261 978 1319 tubo
999 1261 1140 1318 obconico
1154 1281 1183 1319 v.
1198 1261 1326 1336 obpyra-

223 1340 334 1398 midato
349 1341 386 1398 ad
400 1341 544 1399 orificium
564 1349 715 1400 contracto
732 1342 946 1418 longitudinem
963 1342 1094 1417 operculi
1107 1339 1327 1418 hemisphaerici

223 1419 285 1479 fere
310 1421 399 1496 duplo
422 1423 585 1480 excedente
606 1441 640 1479 ac
661 1421 792 1497 ejusdem
820 1423 975 1481 latitudem
1003 1422 1090 1498 paulo
1111 1428 1270 1497 superante
1295 1422 1327 1477 in

222 1501 398 1576 pedicellum
413 1502 667 1579 subaequilongum
680 1503 826 1576 gradatim
840 1501 1001 1561 desinente.

263 1581 315 1639 Ad
329 1589 446 1656 portum
456 1582 598 1641 dackson.
628 1582 729 1641 David
737 1583 853 1641 Rurton
868 1584 898 1640 in
912 1583 996 1641 herb.
1008 1582 1134 1641 Banlrsii
1148 1589 1178 1641 et
1194 1580 1324 1640 Smithii.

263 1662 316 1720 Ab
329 1662 365 1720 E.
381 1663 553 1739 corymbosa
571 1663 670 1721 differt
686 1663 766 1721 foliis
786 1664 880 1721 multo
900 1663 1061 1721 minoribus
1082 1663 1146 1720 basi
1167 1663 1265 1719 minus
1280 1669 1325 1719 at-

221 1744 361 1814 tenuatis,
386 1743 532 1818 paniculis
560 1745 772 1802 subcoarctatis
799 1745 896 1802 minus
923 1745 1055 1817 ramosis,
1082 1743 1205 1802 floribus
1232 1741 1327 1799 multo

222 1822 394 1894 minoribus,
411 1824 520 1900 calycis
534 1826 605 1882 tubo
624 1826 662 1883 ad
680 1825 826 1882 orificium
844 1831 994 1882 contracto
1012 1843 1067 1884 nec
1086 1831 1252 1895 recurvato,
1275 1841 1325 1898 pe·

222 1903 337 1964 dicellis
350 1905 583 1979 staminibusque
596 1905 686 1981 duplo
699 1905 893 1964 brevioribus.

553 2078 558 2086 ’
579 2065 772 2145 Eucalpptus
785 2069 970 2143 morpinata.

515 2159 567 2210 Sna
579 2161 607 2209 in
619 2161 755 2210 l'ransact.
765 2161 842 2211 Linn.
854 2161 910 2212 Soc.
921 2161 955 2212 vi.
968 2165 1023 2210 ³02.

263 2243 399 2301 Remulis
425 2244 524 2302 rubris
548 2244 696 2320 ungulatis
721 2245 836 2304 inferne
859 2243 1067 2315 teretiusculis‚
1082 2242 1174 2320 foliis
1198 2243 1326 2300 alternis

223 2323 350 2382 maniter
363 2325 519 2401 petiolotis
532 2325 652 2402 oblique
666 2327 763 2383 ocutis
776 2323 942 2384 chartaceis
960 2326 1119 2403 conspicue
1133 2324 1327 2400 penniceniis

222 2404 418 2463 discoloribus
431 2404 531 2463 crebre
542 2407 697 2481 punctatis
712 2409 848 2480 murpine
866 2404 1011 2464 revolutis
1029 2406 1111 2481 apice
1132 2405 1241 2462 sensim
1254 2422 1324 2461 acu-

221 2485 292 2542 tatis
310 2485 374 2541 basi
394 2485 491 2541 subito
509 2485 677 2555 contractis,
700 2504 793 2543 nervo
811 2487 908 2544 medio
926 2487 1013 2544 valde
1032 2485 1226 2561 prominente,
1248 2502 1328 2542 vena

222 2564 408 2640 peripherica
418 2584 436 2621 a
445 2563 579 2639 margine
589 2565 677 2639 paulo
690 2572 810 2637 remota,
823 2565 960 2624 umbellis
972 2565 1125 2626 5-7-fi0ris
1140 2565 1323 2636 exilioribus,

221 2644 396 2720 pedunculis
409 2643 549 2702 tenuibus
563 2644 711 2720 ungulatis
728 2646 853 2721 petiolos
873 2647 1054 2706 semiteretes
1070 2647 1146 2704 sicut
1164 2645 1324 2721 pedicellos

222 2725 406 2802 longitudine
420 2726 510 2800 duplo
523 2725 743 2795 excedentibus
759 2726 869 2804 calycis
883 2729 955 2785 tubo
968 2727 1100 2785 breviter
1119 2726 1261 2785 obconicc
1275 2726 1324 2784 vel

222 2805 491 2882 subcampanulum,
512 2807 645 2882 margine
664 2805 795 2882 ejusdem
813 2807 874 2865 lato
889 2807 1000 2880 hiante,
1023 2807 1161 2884 operculo
1183 2807 1325 2864 alabastri

221 2887 285 2946 sere
299 2887 400 2945 conico
413 2886 518 2944 tubum
532 2886 717 2962 longitudine
731 2889 929 2962 subaequante.
1030 2948 1031 2953 χ

261 2967 313 3025 Ad
327 2967 424 3025 sinum
437 2966 512 3024 Port
523 2967 665 3025 duckson.

261 3047 371 3105 Exstat
385 3048 416 3104 in
430 3048 513 3106 herb.
530 3045 650 3105 Smithii
665 3049 821 3124 specimem
836 3067 913 3107 anno
930 3047 1005 3110 1798
1027 3049 1057 3107 in
1078 3048 1165 3107 horto
1181 3046 1325 3106 Kewensi

221 3128 341 3186 cultum.

536 3266 729 3344 Eucolyptus
744 3267 979 3344 medulata-p.
995 3266 1045 3327 46.

262 3363 313 3422 Ad
327 3364 471 3440 originem
485 3363 616 3422 fluminis
629 3363 822 3422 Macallister.

509 3535 704 3615 Eucalpptus
716 3536 968 3614 corymbum—p.
984 3540 1031 3597 46.

261 3632 408 3691 Extendit
428 3652 521 3708 usque
541 3633 578 3691 ad
597 3632 706 3691 limites
725 3635 998 3693 austro-orientales
1012 3641 1098 3694 terrae
1114 3633 1210 3711 Gipps
1226 3635 1323 3695 Laud.

219 3712 417 3852 {effigere
439 3713 510 3772 hinc
534 3713 572 3770 ad
595 3713 632 3772 E.
652 3714 854 3791 corymbosam
877 3717 947 3775 inde
967 3715 1005 3773 ad
1023 3716 1061 3775 E.
1080 3716 1324 3794 corynoculycem

511 3939 703 4018 Eucalyptus
717 3943 960 4021 citriodoro.-p.
976 3944 1024 4006 47.

262 4037 370 4114 Stirpis
400 4037 548 4097 seminalis
580 4037 745 4097 hornotinae
778 4059 888 4118 asperae
921 4042 993 4101 folia
1025 4044 1147 4118 alterna,
1182 4045 1322 4122 oblongo·

219 4119 390 4190 lanceolata,
400 4119 510 4195 petiole
524 4120 720 4198 supra-basuli
733 4121 854 4196 peltata.

520 4274 715 4374 Eucalpptus
734 4296 947 4377 Woollsii.-p.
963 4304 1010 4361 48.

259 4392 406 4468 Regiones
421 4412 508 4467 quam
522 4393 650 4453 maxime
664 4395 821 4454 orientales
835 4403 920 4456 terrac
936 4397 1032 4474 Gipps
1045 4399 1131 4459 Land
1147 4401 1247 4460 intret.
1288 4469 1293 4479 Ι
