2926 5062
694 528 749 585 133
860 508 865 521 ⁸

166 683 350 744 ecilluribas
363 684 496 761 conferte
510 684 687 765 multtfloris
697 687 828 745 breviter
842 688 1055 763 pedunculatis,
1070 690 1184 750 corolla
1199 712 1272 769 pro·

159 765 263 842 suade
291 767 518 843 quadrupertitas
542 775 610 824 ente
634 766 720 825 basin
744 767 875 837 barbata,
901 769 1057 828 filamentis
1082 773 1272 845 brevissimis,

165 846 298 904 authoris
325 845 639 921 oblongo-linearibus,
668 846 807 922 stigmate
830 848 957 924 primum
983 850 1273 927 lineari-ellipsoideo

164 926 230 984 basi
245 933 405 996 attenuate,
421 925 521 983 baccis
536 927 670 984 obovatis
685 927 794 986 rubris.

166 1005 303 1144 FPrppe
325 1006 561 1084 Rochhempton,
585 1005 626 1064 A.
651 1007 786 1075 Thozet;
816 1006 907 1083 juxta
928 1016 1046 1084 portum
1068 1011 1210 1084 Denison,
1234 1011 1271 1071 E.

194 1086 254 1144 itza
267 1105 313 1144 an.

206 1165 322 1225 Frutex
333 1184 481 1240 procerus,
494 1165 532 1224 ad
541 1166 776 1242 magnitudinem
786 1168 900 1226 arboris
910 1169 1078 1244 25·pedalis
1088 1188 1272 1231 excrescens.

165 1245 285 1305 Remuli
301 1246 474 1304 indistincte
488 1247 646 1322 tetragoni.
690 1247 813 1322 Stipulae
823 1249 877 1306 vix
891 1245 930 1304 2“¹
944 1250 1048 1325 longa,
1063 1269 1080 1309 e
1093 1250 1157 1308 basi
1168 1251 1272 1311 latiore

166 1327 276 1384 sensim
290 1333 425 1385 acutatae.
448 1326 533 1384 Folia
546 1327 641 1401 plana,
658 1328 857 1386 exsiccatione
867 1328 1074 1404 nigrescentia,
1089 1327 1161 1389 2-6''
1174 1332 1271 1407 longa,

168 1403 238 1464 1-2“
259 1407 328 1477 lata,
353 1407 761 1481 adscendenti-penninervia,
787 1409 959 1468 tenuissime
983 1428 1101 1468 venosa
1148 1411 1271 1470 Inflore·

166 1486 280 1544 scentia
297 1486 377 1546 foliis
393 1486 486 1544 multo
505 1487 632 1545 brevior.
674 1487 809 1546 Bracteee
827 1490 942 1560 breves,
963 1489 1126 1549 deltoideae.
1167 1491 1272 1550 Floras

166 1566 197 1623 in
219 1573 322 1624 nostra
345 1566 517 1624 collectione
534 1567 646 1624 servati
665 1568 718 1625 vix
741 1567 871 1642 perfecte
893 1569 1013 1626 evoluti.
1056 1570 1154 1647 Calyx
1169 1579 1271 1629 ovato·

166 1646 334 1716 obconicus,
351 1645 412 1705 fere
430 1643 485 1720 Ilm
500 1646 614 1721 longus,
630 1647 802 1705 brevissime
816 1648 1123 1707 deltoideodentatus.
1154 1649 1273 1709 Corolia

167 1723 247 1784 2-3”’
264 1727 361 1801 longa,
381 1727 580 1784 exsiccatione
598 1726 766 1803 nigricans;
787 1728 875 1784 tubus
889 1729 1041 1803 perbrevis
1051 1751 1059 1796 ;
1081 1729 1139 1786 lobi
1154 1729 1273 1807 aestiva·

165 1805 248 1865 tione
268 1806 424 1876 imbricati,
441 1806 648 1884 semielliptici.
689 1807 834 1864 Antherae
851 1808 944 1880 flavae,
963 1808 1081 1867 circiter
1098 1805 1154 1886 ψ’
1168 1809 1273 1884 longa.

169 1883 274 1963 Stylus
302 1887 334 1944 in
360 1887 432 1944 flore
460 1887 594 1962 inaperto
621 1886 820 1957 brevissimus,
849 1889 1036 1965 stigmatibus
1058 1888 1274 1947 cohaerentibus

165 1967 293 2040 quidem,
315 1966 366 2024 sed
388 1964 475 2024 facile
498 1967 718 2041 separabilibus.
761 1966 859 2025 Bacca
878 1965 957 2026 3-4'''
975 1968 1072 2043 longa,
1092 1968 1273 2028 bilocularis.

166 2044 387 2121 Endocarpium
401 2046 550 2104 adnutum.
595 2044 714 2104 Semina
728 2053 807 2105 statu
820 2047 952 2122 perfecto
965 2049 1096 2106 nondum
1107 2047 1272 2122 observata,

166 2127 218 2183 sed
232 2127 264 2182 in
278 2127 382 2184 loculis
397 2127 537 2197 solitaria,
554 2126 693 2184 umbilico
707 2127 844 2184 ventrali.

208 2204 344 2282 Speciem
364 2206 463 2267 dicavi
483 2206 576 2264 amico
591 2205 755 2264 Anthelmo
772 2207 894 2278 Thozet‚
913 2207 964 2281 qui
983 2207 1092 2286 stirpes
1111 2207 1272 2266 Australiaa

166 2286 330 2361 prasertim
344 2286 496 2344 orientalis
509 2286 631 2364 tropica
645 2287 761 2344 assidue
778 2286 948 2345 observavit
967 2294 997 2345 et
1015 2305 1116 2345 earum
1134 2289 1273 2365 pulchras

167 2365 354 2424 collectiones
376 2367 407 2422 in
428 2366 484 2424 hoc
504 2384 591 2441 opere
614 2366 810 2442 divulgandus
826 2367 900 2424 mibi
914 2367 1039 2443 largitus
1058 2374 1112 2425 est.
1153 2369 1274 2426 Ixoram

167 2446 335 2584 clpccpneam
355 2448 433 2504 inter
449 2445 555 2522 stirpes
576 2445 917 2507 Indico-Australasicas
936 2448 1122 2506 enumeravit
1142 2448 1185 2508 ill.
1206 2449 1271 2509 Jos.

202 2544 237 2583 00
259 2544 301 2585 er.

502 2685 663 2744 Cantatum
678 2685 945 2764 lamproplryllum.

208 2790 343 2850 Remulis
367 2790 505 2866 foliisque
531 2791 651 2868 glabris,
676 2791 724 2849 his
749 2789 919 2866 majusculis
944 2791 1102 2867 conspicue
1125 2791 1275 2867 petiolatis

168 2872 309 2930 coriaceis
323 2871 597 2930 lanceolam-evade
611 2870 707 2948 planis
720 2870 830 2930 sensim
844 2871 876 2929 in
890 2871 1003 2948 apicem
1020 2870 1190 2929 obtusetum
1204 2889 1273 2930 con·

167 2953 272 3009 tractis
290 2953 492 3029 penninerviis
512 2953 669 3028 conspicue
688 2952 806 3010 venosis
826 2970 916 3027 supra
936 2951 1166 3027 splendentibus,
1182 2954 1274 3028 wmir

167 3031 351 3091 astitoribus
373 3030 553 3112 multifloria,
577 3031 751 3107 pedunculis
775 3033 932 3108 angulatis,
958 3031 1110 3107 pedicellis
1132 3031 1274 3092 brevibus

167 3113 378 3184 crassiusculis‚
400 3113 509 3170 corolla
527 3113 594 3170 elba
610 3113 794 3169 mediotenus
814 3111 978 3185 quadrifida
996 3111 1071 3168 lobia
1094 3112 1272 3182 semiovatis,

167 3188 254 3249 fauce
277 3191 408 3261 barbata,
433 3193 591 3250 filamentis
613 3191 804 3261 brevissimis,
825 3190 956 3248 antheris
976 3190 1174 3259 subovalibus,
1195 3191 1273 3266 stylo

168 3271 258 3346 longe
285 3282 407 3342 esserto,
433 3274 569 3347 stigmate
592 3271 760 3329 brevissime
785 3270 883 3329 bilodo
910 3269 973 3328 basi
1001 3279 1148 3340 truncato,
1172 3271 1272 3328 baccis

166 3350 274 3409 leviter
288 3353 462 3427 compressis
475 3370 558 3427 pane
572 3352 707 3427 didymis
1099 3422 1104 3431 ι

208 3431 306 3509 Prope
326 3431 570 3507 Rockhampton3
598 3432 721 3490 Thozet.
762 3431 814 3488 Ad
832 3435 936 3505 portus
956 3428 1049 3487 Molle
1068 3434 1099 3487 et
1119 3427 1274 3498 Denisonr

169 3509 314 3570 Fitzalan.
356 3512 407 3569 Ad
417 3512 519 3569 sinum
533 3511 716 3588 WideBay;
738 3509 772 3570 O.
788 3511 902 3568 Moere.
942 3509 1039 3584 Prope
1052 3509 1175 3567 fiumina
1189 3510 1272 3567 Bris-

168 3589 244 3648 bane
260 3598 292 3650 et
308 3592 384 3651 Pine
402 3593 514 3660 River;
542 3591 608 3648 Hill
626 3593 653 3649 dv
672 3591 808 3648 Mueller.
850 3591 935 3648 Inter
952 3590 1076 3648 fiumina
1093 3589 1225 3650 Davvson
1243 3597 1274 3650 et

81 3713 84 3718 ·
169 3669 298 3729 Burnett
312 3673 344 3729 in
358 3673 442 3730 silvis
456 3673 697 3743 Araucariarum
713 3671 749 3728 F.
764 3670 807 3728 M.

209 3751 325 3810 Frutex
349 3753 453 3824 elatus,
479 3753 656 3828 spectabilis,
680 3752 788 3827 passim
816 3751 1016 3810 arborescens.
1056 3750 1176 3809 Remuli
1201 3751 1275 3809 setis

168 3832 313 3906 angulati.
354 3832 440 3891 Folia
449 3829 521 3890 2-5‘¹
531 3833 628 3909 longa,
642 3832 739 3890 rarius
753 3833 791 3888 ad
805 3831 899 3888 unciae
913 3832 1127 3907 longitudinem
1141 3833 1271 3902 reducta,

167 3913 302 3988 margine
324 3914 431 3988 saepius
451 3912 558 3972 leviter
579 3914 729 3984 undulata,
755 3912 843 3988 paulo
860 3912 891 3968 in
912 3912 1055 3987 petiolum
1076 3912 1271 3983 decurrentia,

168 3992 273 4050 subtus
287 3992 443 4067 pallidiora
456 4001 487 4052 et
499 3995 595 4051 nitore
609 3993 734 4069 privata,
750 4011 839 4069 supra
853 3999 983 4050 saturata
996 3991 1114 4049 viridia.
1150 3990 1274 4064 Stipulae

169 4072 392 4147 paucilineeres
418 4074 520 4131 abasi
544 4073 721 4148 triangulari
742 4073 774 4130 in
797 4090 920 4130 acumen
942 4077 1110 4142 contrecta,
1133 4071 1274 4129 decidua.

169 4151 336 4211 Pedunculi
351 4161 381 4211 et
394 4154 531 4228 pedicelli
543 4154 715 4212 tenuissime
729 4153 882 4229 puberuli3
903 4151 1020 4209 illorum
1034 4150 1192 4227 primarius
1206 4147 1275 4207 1-2‘¹

97 4222 125 4269 Ψ
164 4233 285 4308 -longus,
305 4235 441 4301 validus3
463 4234 628 4292 secundarii
643 4240 673 4292 et
687 4234 793 4309 reliqui
808 4233 892 4290 varie
910 4232 1071 4290 breviores.
1113 4230 1212 4307 Calyx
1226 4248 1274 4288 co·

169 4314 284 4373 rollifer
302 4313 355 4372 vix
378 4311 413 4371 l‘''
433 4315 547 4390 longus,
567 4314 704 4372 minutim
726 4313 933 4372 denticulatus.
976 4309 1095 4369 Corolia
1117 4307 1155 4368 Ψ
1176 4310 1274 4386 longa,

169 4395 438 4480 subcempenuletu,
454 4395 529 4453 iobis
545 4394 729 4454 estivatione
744 4393 881 4454 valvatis.
922 4391 1066 4452 Aetherea
1079 4391 1158 4451 linea
1171 4410 1275 4469 parum
