2926 5062
510 546 752 630 ..5⁷

179 710 322 785 angulosi.
365 710 450 767 Folia
467 706 555 784 ll-5“
569 709 666 785 longa,
683 704 843 765 2-al'ra1o
858 707 895 763 ad
908 704 936 764 l''
951 707 1012 764 lata
1020 729 1028 775 ς
1049 707 1196 782 glandulae
1210 707 1280 764 olei-

177 808 256 865 gerae
278 793 315 848 ob
340 791 504 848 crassitiem
526 789 661 847 soliorum
682 789 762 846 haud
781 807 809 844 v.
829 787 938 862 partim
956 794 1072 844 tantum
1092 787 1280 862 pellucentes.

177 871 344 928 Pedunculi
368 867 448 927 2-6'‘'
470 871 559 945 longi,
580 870 650 926 dum
673 869 761 926 fiores
785 867 973 943 pedicellatos
998 873 1165 925 sustentant
1188 868 1282 942 magis

179 950 371 1021 teretiusculi,
392 951 461 1008 dum
480 949 639 1008 umbellam
657 949 816 1024 capitatam
838 948 939 1005 serunt
960 949 1054 1023 magis
1073 948 1231 1022 compressi
1253 955 1283 1005 et

178 1049 388 1105 nonnunquam
412 1031 554 1106 ancipites
574 1038 603 1087 et
624 1029 889 1087 conecto-dilatati.
933 1026 1051 1104 (lelycis
1073 1028 1162 1085 tubus
1184 1024 1282 1105 ΙΗξ

176 1129 244 1167 raro
256 1111 293 1168 ad
302 1109 461 1186 4‘l10ngus,
474 1111 582 1186 passim
594 1110 824 1186 campanulatus.
847 1107 1028 1183 Operculum
1042 1109 1128 1165 modo
1139 1108 1283 1183 pallidum

177 1208 310 1264 opacum,
332 1191 418 1248 modo
440 1192 537 1248 nitens
562 1197 592 1248 et
616 1190 775 1259 rufescens,
800 1189 1020 1264 exangulatum,
1049 1185 1125 1246 1-4“¹
1150 1189 1279 1264 longum,

178 1271 299 1327 varians
312 1271 541 1341 obtusissimam,
557 1271 780 1341 acutiusculum,
796 1271 899 1327 obtuse
914 1270 1114 1327 acuminatum
1124 1269 1173 1327 vel
1187 1269 1280 1345 cylin·

180 1351 263 1408 drico
282 1351 425 1426 longeque
439 1358 608 1408 nostratum.
650 1351 817 1408 Filamenta
831 1350 936 1421 albida,
955 1350 1071 1408 demum
1090 1349 1282 1416 ochroleuca3

177 1431 325 1489 exteriora
335 1432 521 1508 longitudine
530 1428 609 1489 3-5’”
618 1432 709 1488 varia.
731 1431 875 1488 Antherae
889 1428 965 1504 ΗΜ
975 1431 1138 1498 metientes,
1154 1429 1280 1504 pallidae,

176 1529 243 1568 raro
264 1510 454 1584 fuscesentes,
475 1513 501 1570 si
522 1511 651 1568 minimae
673 1511 788 1569 rimulis
808 1509 1016 1586 poriformibus
1040 1510 1153 1587 apicem
1176 1527 1280 1567 versus

177 1598 294 1666 apertae,
316 1592 341 1649 si
363 1591 488 1667 majores
510 1592 594 1649 rimis
622 1591 793 1649 lateralibus
815 1591 985 1648 distinctius
1006 1591 1132 1648 hiantes.
1178 1589 1280 1667 Stylus

177 1671 274 1729 silicet
290 1673 494 1748 magnitudine
508 1672 614 1729 florum
629 1672 790 1742 variabilis,
809 1668 888 1727 2-5‘¹‘
901 1671 1016 1746 longus,
1032 1678 1165 1729 setaceus
1179 1690 1207 1727 v.
1224 1670 1280 1726 fili-

176 1750 288 1825 formis,
301 1754 436 1828 stigmate
447 1754 562 1810 minuto
575 1753 757 1810 terminatus.
799 1751 928 1809 Fructus
939 1748 1017 1809 2-4‘''
1028 1751 1118 1826 longi,
1131 1750 1279 1809 lenissime

177 1850 226 1888 ore
242 1834 404 1900 contracti3
425 1851 528 1907 margo
541 1833 664 1890 verticis
678 1832 750 1890 satis
763 1832 850 1901 letus,
865 1830 927 1889 fere
941 1832 1056 1906 planus.
1085 1831 1191 1888 Valvas
1203 1831 1281 1906 stylo

177 1911 327 1987 paulisper
347 1914 524 1988 persistente
544 1914 671 1988 primum
694 1912 777 1988 apice
797 1913 986 1969 cohaerentes.
1030 1910 1149 1970 Semina
1168 1911 1282 1968 sterilia

177 1991 262 2049 fusca
275 2011 304 2049 v.
319 1992 411 2064 fulva,
429 1994 537 2068 partim
557 1992 748 2050 rhomboidea
761 1999 792 2049 et
805 1992 928 2062 minuta,
950 1992 1058 2066 partim
1080 1991 1238 2049 clavellata
1251 1997 1281 2049 et

177 2071 239 2177 sepe
259 2072 466 2140 scobiformia3
488 2072 600 2130 fertilia
618 2073 824 2148 nigrescentia,
845 2078 941 2140 ovata,
963 2090 1138 2146 compressa,
1161 2071 1281 2129 circiter

182 2153 205 2209 l'
232 2152 329 2227 longa.

218 2233 253 2290 E.
272 2234 442 2304 incrassata,
464 2231 673 2290 Schleohtend.
692 2230 781 2288 Linn.
801 2250 854 2288 xx.
873 2233 942 2303 658,
962 2231 1020 2289 uisi
1039 2232 1129 2289 etiam
1151 2232 1281 2307 genuina

177 2312 267 2388 stirps
281 2313 472 2381 Billardierii‚
487 2313 541 2370 vix
556 2313 644 2370 dubie
658 2313 717 2369 huc
731 2312 869 2386 pertinet.

218 2392 337 2469 Species
351 2394 458 2450 mirum
471 2394 503 2449 in
515 2394 633 2450 modum
647 2392 760 2463 ludens,
775 2410 913 2468 magnam
928 2393 1041 2467 copiam
1055 2391 1279 2450 fructicetorum

178 2473 314 2531 “Mallee
339 2472 450 2532 Scrub”
467 2474 613 2530 dictorum
633 2472 771 2541 formans,
793 2473 1063 2548 peregrinatoribus
1082 2480 1112 2530 et
1131 2473 1280 2548 praecipue
1310 2485 1315 2493 “

177 2554 377 2630 aboriginibus
395 2555 425 2611 in
444 2561 543 2611 tractu
565 2573 618 2611 suo
637 2553 781 2629 praearido
797 2553 963 2623 utilissima,
981 2571 1072 2627 quum
1093 2553 1180 2610 radix
1199 2553 1279 2611 hori-

176 2635 333 2692 zontaliter
351 2634 438 2710 louge
462 2653 638 2710 procurrens
659 2634 774 2709 largam
797 2652 879 2707 aquae
900 2653 981 2708 purae
1006 2633 1119 2709 copiam
1143 2634 1279 2691 retineat.

177 2712 277 2788 Hujus
297 2713 426 2772 frustula
444 2715 474 2771 in
499 2715 560 2772 ullo
578 2732 649 2772 vase
670 2714 800 2789 reposita
820 2714 934 2788 liquore
955 2714 1078 2789 limpido
1094 2733 1147 2789 per
1168 2714 1280 2788 aliquot

176 2794 264 2851 horas
286 2801 408 2852 scatent.
452 2794 571 2870 Species
584 2795 654 2851 hinc
672 2794 846 2851 adumbrata
859 2792 958 2851 forsan
973 2793 1010 2851 E.
1025 2795 1195 2852 incrassatae
1210 2793 1279 2852 sub·

177 2874 342 2932 ordinanda
355 2881 407 2944 est,
424 2892 491 2931 cum
504 2873 606 2931 formae
620 2874 752 2932 latifoliae
772 2881 877 2949 praeter
891 2874 1077 2932 venationem
1096 2876 1193 2932 minus
1213 2893 1279 2950 pro-

178 2954 339 3011 minentem
350 2961 380 3011 et
389 2954 556 3029 regularem
567 2955 600 3011 in
608 2954 721 3012 iconem
730 2954 912 3012 Billardierii
926 2955 963 3011 ad
977 2954 1115 3012 amussim
1126 2954 1280 3029 quadrent.

179 3033 239 3092 Sed
253 3033 302 3108 huj
308 3052 341 3091 us
355 3042 385 3091 et
397 3035 432 3091 E.
442 3035 598 3105 uncinata,
607 3035 809 3092 verisimiliter
823 3034 913 3091 etiam
922 3035 981 3091 huc
990 3036 1174 3109 pertinentis,
1187 3036 1280 3110 speci·

176 3114 258 3172 mina
271 3115 442 3172 authentica
457 3129 625 3190 comparare
640 3114 712 3170 mihi
727 3114 857 3170 nondum
868 3114 1002 3189 contigit.

522 3325 943 3404 Eucalyplusfmeticetorum.

177 3439 205 3490 F.
214 3439 250 3490 M.
260 3439 288 3489 in
296 3439 360 3503 Miq.
370 3439 450 3504 Stirp.
461 3440 527 3490 Nov.
536 3441 605 3490 Holl.
613 3447 644 3490 35
655 3461 661 3500 ;
674 3440 703 3490 Ε.
713 3439 879 3498 santelifolia,
888 3439 917 3490 F.
925 3440 961 3489 M.
970 3439 985 3489 l
993 3453 1014 3490 c.
1023 3443 1063 3500 37,
1072 3444 1098 3491 et
1107 3440 1135 3490 in
1143 3441 1279 3494 Transact.

443 3506 514 3556 Vict.
526 3506 613 3556 Iustit.
624 3507 641 3555 i.
654 3511 693 3554 35.
726 3507 807 3568 (Sect.
820 3504 1013 3568 Hemiphloiae.)

217 3608 381 3679 Fruticosa,
397 3608 595 3679 arborescens,
610 3608 689 3666 foliis
703 3609 824 3667 alternis
838 3609 953 3668 modice
972 3611 1120 3686 petiolatis
1139 3618 1278 3688 angusto·

178 3708 207 3746 v.
230 3687 351 3746 falcato·
369 3709 397 3746 v.
416 3689 728 3765 oblongo-lanceolatis
752 3690 916 3759 chartaceis
938 3711 967 3749 v.
991 3692 1131 3749 coriaceis
1152 3695 1279 3768 primum

178 3768 327 3825 subtiliter
353 3768 470 3827 demum
503 3771 703 3845 prominenter
729 3771 874 3845 patentim
901 3772 1088 3846 penniveniis
1115 3773 1280 3833 nitentibus

171 3848 387 3919 'concoloribus
398 3862 476 3907 vena
490 3850 673 3926 peripherica
687 3852 812 3926 margini
828 3852 1038 3927 approximate,
1054 3854 1188 3911 umbellis
1204 3857 1279 3912 uxil-

177 3929 290 3987 laribus
311 3934 341 3986 et
361 3929 533 3988 lateralibus
556 3931 696 3988 solitariis
710 3951 738 3989 v.
754 3932 992 4007 subpaniculatis‚
1015 3934 1181 4008 pedunculo
1202 3942 1279 3993 tere·

176 4009 306 4067 tlusculo
316 4028 345 4066 v.
358 4027 522 4085 compresso
535 4010 657 4069 floribus
671 4012 899 4087 subaequilongO,
916 4013 1029 4089 colpeio
1043 4013 1111 4070 tubo
1126 4023 1278 4072 trunceto-

177 4109 205 4148 e.
228 4088 469 4147 choenice-ovato
483 4110 597 4168 parum
617 4112 644 4149 e.
665 4093 749 4150 haud
767 4093 912 4168 ungulato
929 4095 1061 4151 breviter
1074 4114 1103 4149 v.
1119 4112 1177 4150 nou
1197 4095 1278 4169 pedi-

179 4171 284 4228 cellato
300 4169 513 4245 insipitudinem
527 4171 664 4248 operculi
677 4173 733 4230 rite
748 4192 776 4230 v.
792 4173 928 4248 depresso
942 4194 971 4231 v.
987 4174 1171 4249 pyramidate
1185 4175 1277 4232 hemi·

179 4251 315 4326 sphaeriei
329 4250 520 4326 estriatisere
535 4262 578 4308 ter
592 4254 751 4321 excedente,
768 4254 899 4312 antheris
918 4254 1076 4323 taboratis,
1092 4254 1169 4328 stylo
1184 4255 1278 4328 brevi,

176 4329 324 4389 fructibus
341 4339 490 4388 truncato·
508 4352 536 4388 v.
553 4333 827 4407 cylindrico-ovatis
846 4328 900 4391 tri·
915 4352 1008 4407 usque
1028 4333 1277 4411 quadriloculatis,

1106 4431 1118 4470 r
