2926 5062
710 554 748 610 65

180 710 395 786 longitudinem
409 713 540 789 operculi
552 713 705 771 semiovati
718 733 745 770 v.
757 712 974 787 liemisphaerici
989 712 1164 770 acutiusculi
1176 732 1204 770 v.
1215 714 1280 771 bre·

179 792 258 848 viter
272 795 433 851 acuminati
446 795 500 851 vix
515 800 658 867 aequante,
675 793 806 850 authuris
827 793 986 862 subovatis,
999 791 1157 868 fructibus
1172 795 1282 870 paruis

180 872 295 929 demum
306 874 588 949 truncato-pleberio
600 893 625 930 u.
638 875 807 930 semiouou's
821 874 873 930 tri·
883 892 912 930 v.
924 873 1042 947 quadri·
1057 892 1125 930 raro
1138 874 1281 948 quinque·

179 951 324 1024 loculatis,
342 955 475 1030 margine
495 955 616 1012 verticis
634 954 792 1011 latiusculo
806 954 1011 1024 adscendente,
1028 954 1140 1012 vertice
1155 953 1282 1029 capsulae

179 1049 284 1106 parum
299 1054 441 1105 convexo,
456 1034 555 1092 voluis
569 1036 687 1092 exsertis
701 1034 865 1105 deltoidcis‚
882 1034 1044 1091 seminibus
1059 1034 1178 1109 apteris.

219 1112 256 1168 In
271 1115 363 1188 pratis
382 1115 570 1190 planitierum
588 1115 789 1188 montiumque
810 1115 973 1189 praesertim
991 1113 1166 1172 fertiliorum
1183 1114 1280 1171 usinu

180 1189 223 1249 st.
238 1192 392 1252 Vincent's
415 1193 493 1254 Gulf
516 1213 609 1268 usque
636 1196 667 1252 in
695 1195 829 1270 regiones
856 1194 950 1252 Novae
973 1194 1119 1254 (lambrias
1143 1194 1282 1252 australis

179 1271 362 1342 extendens;
382 1275 472 1332 etium
487 1275 517 1332 in
532 1275 690 1334 Tasmuuia
704 1293 870 1333 occurrens.

220 1352 320 1411 Arbor
346 1356 501 1413 mediocris
529 1375 558 1413 v.
583 1374 699 1430 magna,
721 1355 752 1412 in
773 1355 846 1413 locis
870 1354 1005 1413 fecundis
1033 1355 1191 1413 altitudine
1216 1354 1280 1412 150¹

179 1435 358 1507 superbiens,
370 1454 580 1511 nonnunquam
589 1435 652 1511 jam
667 1435 783 1493 fruticis
796 1436 1001 1511 magnitudine
1014 1435 1151 1507 florifera,
1162 1436 1280 1494 nomine

179 1513 358 1591 “Drooping
374 1515 549 1575 Gum-tree”
565 1517 669 1573 incolis
687 1516 790 1573 insulae
809 1517 976 1574 Diemensis
995 1517 1121 1592 cognita,
1141 1517 1172 1574 in
1188 1517 1281 1574 variis

177 1593 338 1653 Australiae
352 1596 448 1654 felicis
461 1598 631 1672 regionibus
652 1597 771 1654 nomina
791 1596 978 1654 “Box-tree”
997 1604 1027 1654 et
1047 1596 1279 1672 “Peppermint-

177 1672 256 1731 tree’'
270 1694 384 1750 gerens,
400 1677 613 1752 designationis
635 1677 774 1734 “Manna
788 1675 963 1736 Gum·tree”
976 1695 1023 1735 me
1036 1678 1151 1755 pridem
1165 1678 1280 1735 selectae

177 1755 275 1828 potius
299 1757 414 1832 digna·
441 1756 553 1815 Cortex
575 1759 698 1816 obscure
720 1755 895 1828 fuscescens,
920 1756 1078 1831 aliquando
1100 1759 1279 1833 nigrescens,

177 1836 311 1908 rimosus,
326 1856 459 1912 rugosus,
475 1838 547 1895 sutis
564 1838 682 1907 solidus,
698 1844 762 1895 tum
777 1838 810 1894 in
826 1845 932 1895 trunco
948 1844 1012 1895 tum
1029 1839 1060 1894 in
1077 1838 1167 1895 ramis
1180 1845 1280 1894 vetus-

177 1916 304 1974 tioribus
329 1918 496 1992 persistens,
521 1916 669 1975 interdum
697 1924 795 1975 autem
824 1935 842 1974 a
868 1918 959 1975 rumis
986 1917 1064 1976 sicut
1088 1936 1106 1974 a
1130 1917 1280 1994 superiore

178 1999 277 2053 trunci
290 2005 375 2072 parte
390 1999 420 2054 in
435 1999 553 2055 modum
570 1999 732 2073 specierum
752 1998 999 2072 hemiphloiarum
1013 1999 1124 2056 labens.
1168 1999 1279 2057 Cortex

179 2095 357 2134 uramorum
375 2086 459 2154 parte
479 2079 629 2154 superiore
643 2079 674 2135 in
689 2078 789 2135 fasciis
803 2097 833 2135 v.
848 2078 965 2135 laminis
979 2079 1117 2136 tenuibus
1131 2097 1280 2154 separans.

179 2157 275 2214 Frons
288 2160 443 2216 materiam
458 2159 658 2217 saccharinam
670 2152 789 2217 suarem
801 2158 928 2215 albidum
944 2159 1141 2216 “Australian
1152 2159 1280 2216 Manna”

177 2239 358 2296 nominatam
373 2240 484 2298 aestatis
499 2247 628 2315 tempore
642 2239 799 2297 exsudans.
839 2239 975 2295 Truncus
990 2240 1215 2314 gummi-resina
1229 2240 1279 2296 ad·

177 2320 341 2393 stringente
360 2317 459 2377 lucida
479 2319 667 2377 rubro-fusca
680 2320 806 2393 denique
821 2319 916 2395 magis
931 2327 1028 2376 atrata
1041 2328 1166 2377 scatens.
1208 2320 1280 2394 Lig-

177 2418 247 2455 num
262 2419 339 2475 aegre
352 2400 450 2468 fissile,
466 2419 500 2458 eo
515 2401 551 2458 Ε.
566 2407 699 2457 rostratae
720 2399 889 2474 pallidius..
910 2399 997 2456 Rumi
1015 2399 1149 2475 juniores
1171 2401 1281 2458 cortice

176 2480 244 2537 laevi
272 2481 388 2539 cinereo
416 2481 535 2538 obtecti.
586 2480 705 2538 Ramuli
736 2479 885 2538 hornotini
917 2481 1000 2554 apice
1028 2498 1280 2555 compresso-qua-

177 2561 378 2635 drangulares.
420 2561 505 2619 Folia
521 2561 660 2637 pleraque
676 2559 748 2621 4-7‘'
762 2561 858 2636 longa,
876 2558 975 2618 5-10¹‘¹
988 2561 1056 2630 luta,
1075 2561 1281 2636 plerarumque

177 2643 341 2716 specierum
364 2642 401 2699 ud
423 2642 519 2699 instar
539 2642 706 2717 pendentia,
727 2641 919 2716 imperforata
940 2661 970 2700 v.
990 2639 1112 2715 juniora
1135 2640 1281 2715 pellucido

177 2728 325 2796 punctata,
355 2721 419 2780 basi
446 2723 563 2796 oblique
590 2728 686 2793 acuta,
714 2723 854 2796 utrinque
878 2721 1014 2793 nitidula,
1040 2722 1111 2779 trita
1135 2722 1280 2780 inamoeno

176 2803 388 2876 graveolentia.
431 2802 517 2860 Folia
538 2803 733 2877 propaginum
749 2800 901 2877 juniorum
916 2803 1059 2877 opposita,
1081 2810 1178 2874 ovata,
1201 2802 1280 2860 orbi·

177 2882 276 2938 culatu
289 2901 319 2938 v.
334 2883 462 2952 cordata,
479 2883 599 2951 sessiliu,
616 2882 810 2956 utplurimum
824 2902 883 2940 non
902 2882 1119 2958 pulverulenta
1161 2883 1279 2941 Pedun·

178 2961 237 3018 culi
252 2963 394 3036 angulosi,
410 2981 476 3019 raro
491 2963 569 3020 ultra
588 2959 622 3019 1'‘'
636 2962 699 3034 lati,
715 2981 791 3040 saepe
809 2959 839 3036 ln
853 2963 1004 3021 breviores
1018 2982 1105 3038 quam
1122 2962 1279 3039 longiores.

177 3042 321 3099 Pedicelli
339 3043 476 3101 laterales
496 3040 601 3112 medio,
622 3043 672 3115 qui
693 3061 752 3099 non
773 3061 841 3100 raro
861 3043 1075 3117 longitudinem
1098 3040 1137 3099 2⁰¹
1155 3043 1279 3113 obtinet,

177 3141 253 3197 saepe
281 3123 441 3182 breviores.
482 3123 643 3180 Alabastra
671 3124 729 3179 3-4
757 3140 824 3179 raro
849 3119 886 3178 5m
908 3123 1004 3198 longa,
1029 3122 1151 3196 juniora
1171 3124 1281 3198 passim

177 3204 326 3278 pruinosa.
369 3203 549 3279 Operculum
563 3202 833 3272 tenui-coriaceum,
850 3203 969 3260 circiter
982 3200 1041 3278 Ψ
1056 3203 1156 3262 latum.
1182 3202 1280 3276 ,Fila-

176 3292 277 3343 menta
298 3284 404 3354 albida,
428 3284 627 3342 exsiccatione
649 3282 846 3351 flavescentia,
868 3283 1002 3358 longiora
1021 3280 1099 3340 3-4'¹‘
1118 3284 1279 3343 metientia.

176 3365 321 3425 Anthemu
332 3363 394 3424 fere
411 3362 447 3442 μ’
458 3365 562 3439 longae.
604 3364 729 3421 Polliuis
743 3363 869 3438 granula
882 3364 1039 3422 tetraddru.
1083 3363 1185 3440 Stylus
1200 3382 1280 3422 cras-

177 3446 330 3517 siusculus,
349 3446 523 3503 staminibus
544 3445 669 3511 brevior,
692 3440 789 3522 13—ss
804 3443 927 3519 longus(
962 3442 1078 3520 Stigmu
1097 3444 1185 3520 paulo
1206 3445 1280 3503 dila·

177 3531 280 3583 tatum.
322 3526 452 3584 Fructus
467 3525 616 3583 immaturi
627 3524 689 3582 fere
700 3525 1081 3601 campanulato-turbinati3
1103 3527 1211 3583 maturi
1222 3526 1279 3583 cir·
1310 3555 1314 3564 ·

177 3607 251 3663 citer
260 3609 277 3664 3
287 3626 354 3664 raro
365 3607 401 3664 ad
414 3603 451 3664 5‘'‘
460 3606 532 3672 lati;
554 3623 622 3681 pars
632 3603 729 3662 infera
739 3624 821 3681 paene
829 3605 1054 3681 hemisphaerica
1062 3625 1090 3664 v.
1101 3606 1281 3675 semiovata3

176 3703 279 3761 margo
289 3687 410 3745 verticis
421 3686 487 3762 plus
497 3686 594 3743 minus
605 3704 764 3755 convexus,
778 3686 924 3743 interdum
937 3687 1092 3762 conspicue
1107 3687 1280 3763 depressus3

177 3766 274 3823 valvae
291 3767 400 3824 lineam
420 3767 516 3843 longae
530 3786 559 3824 v.
575 3766 734 3835 breviores,
750 3773 836 3824 aetate
852 3766 990 3824 dilatatae.
1036 3765 1156 3825 Semina
1170 3767 1282 3826 fertilia

176 3847 325 3921 angulata,
350 3866 524 3922 compressa,
550 3847 701 3916 subovata,
731 3847 937 3920 nigrescentia,
967 3847 1087 3905 circiter
1113 3845 1149 3904 l‘“
1174 3849 1281 3924 longa;

175 3927 355 3984 -steriliorum
370 3928 497 4002 plurima
511 3927 684 3985 subclevata
696 3933 727 3985 et
744 3923 779 3984 l'“
790 3928 944 3996 breviora;
966 3945 1066 3985 eorum
1081 3928 1181 4002 aliqua
1194 3929 1280 3985 dimi-

176 4014 250 4064 nuta
263 4014 294 4064 et
307 4008 339 4063 in
352 4008 571 4066 rhomboideam
587 4008 711 4065 formum
725 4007 917 4075 transientia;
938 4008 1036 4065 omnia
1046 4007 1251 4066 fuscescentia.

219 4085 338 4162 Species
356 4087 391 4144 E.
407 4088 586 4157 tereticorni,
601 4107 727 4162 quacum
744 4088 779 4144 E.
794 4095 952 4145 rostratam
969 4087 1148 4163 conjungere
1162 4095 1281 4146 coactus

175 4186 249 4239 sum,
259 4168 378 4242 quidem
389 4168 543 4225 admodum
552 4169 686 4237 finitima,
700 4169 861 4226 secretione
871 4176 969 4226 autem
981 4168 1159 4236 saccharina,
1171 4168 1280 4227 cortice

176 4267 291 4324 semper
307 4248 396 4305 altius
416 4248 527 4306 circum
546 4257 684 4306 truncum
703 4266 755 4324 per
771 4256 888 4306 aetutem
907 4255 1022 4306 retento
1041 4265 1117 4323 saepe
1134 4248 1232 4320 etiam,
1248 4259 1281 4307 ut

173 4329 249 4400 dixi,
269 4346 366 4387 ramos
385 4331 550 4403 obtegente,
568 4329 704 4386 umbellis
722 4327 892 4402 frequenter
908 4328 945 4386 ud
964 4328 1051 4386 flores
1070 4333 1131 4386 tres
1149 4329 1281 4388 reductis

176 4415 207 4465 et
226 4410 364 4484 operculo
384 4410 415 4466 in
435 4416 513 4466 statu
535 4409 659 4466 normali
684 4427 738 4466 nec
763 4410 850 4484 louge
873 4409 982 4480 conice,
1007 4426 1102 4483 neque
1125 4409 1282 4485 insigniter

1097 4505 1120 4546 u
