2926 5062
652 548 697 601 ,11

128 703 203 760 dunt
226 705 313 763 tiores
334 704 504 780 petaliferos
526 705 657 780 apetelos
681 713 711 762 et
732 703 970 763 semicorollatos.
1012 705 1151 765 Occurrit
1171 706 1231 764 imo
1333 725 1336 732 ·

127 785 258 858 petalum
284 785 394 860 passim
426 784 557 843 deforme
590 791 622 844 et
653 784 825 861 longissime
857 785 1092 861 unguiculatum.
1143 787 1229 844 Tunc

128 865 275 939 specimen
298 866 464 923 Th0masiae
492 865 652 924 solanaceae
674 866 705 922 in
730 865 817 923 litore
844 873 946 940 portus
970 866 1109 923 Princess
1133 865 1230 943 Royul

128 943 269 1002 Harbour
293 954 412 1003 enatum
437 947 542 1022 petalis
564 946 684 1004 omnino
706 945 893 1021 deprivatum
914 953 967 1017 est,
989 947 1058 1004 dum
1076 953 1179 1004 contra
1197 945 1229 1003 in

128 1025 345 1100 exemplaribus
363 1026 529 1084 Thomasiae
548 1024 745 1101 angustifoliae
766 1026 804 1083 ad
825 1025 1001 1103 Kojonurup
1015 1034 1045 1085 et
1059 1025 1230 1103 Fitagerald

127 1104 233 1180 Range
247 1105 378 1165 collectis
392 1106 478 1165 flores
493 1107 648 1166 corollatos
663 1107 734 1164 vidi.

168 1184 402 1246 Macarthuriam
422 1189 459 1244 ab
477 1188 533 1245 hoc
552 1188 655 1245 ordine
668 1187 803 1258 excludo,
819 1192 849 1244 et
863 1187 901 1244 ed
914 1186 1105 1245 Portulaceas
1118 1186 1228 1244 Mollu-

128 1263 231 1340 ginees
252 1268 346 1326 traho.
387 1268 496 1326 Inveni
514 1269 593 1326 enim
616 1268 647 1324 in
667 1267 827 1325 seminibus
846 1267 1059 1325 Macarthuriae
1076 1267 1229 1325 Australis

128 1343 165 1400 ad
183 1345 292 1404 flumen
311 1347 487 1406 Murchison
507 1347 666 1408 Oldfieldio
687 1347 818 1405 collectis
837 1348 974 1405 albumen
988 1347 1060 1405 satis
1079 1348 1230 1422 copiosum

128 1426 310 1501 amylaceum
324 1428 481 1504 embryone
496 1428 683 1505 cylindraceo
693 1427 878 1503 peripherico
888 1426 951 1486 fere
959 1427 1078 1486 omnino
1089 1429 1229 1486 cinctum.

127 1503 324 1582 Cotyledones
340 1509 584 1583 plano-convexa
598 1508 732 1566 radicula
745 1507 834 1583 paule
848 1507 1000 1566 breviores
1015 1515 1092 1566 sunt.
1132 1508 1228 1565 AEsti·

126 1586 208 1643 vatio
222 1587 326 1645 florum
341 1587 378 1646 ab
392 1607 428 1646 ea
442 1588 692 1665 Molluginearum
710 1606 770 1644 non
787 1588 895 1660 differt,
910 1600 1005 1663 neque
1019 1608 1119 1647 eorum
1133 1596 1229 1646 struc-

126 1671 195 1724 tura
215 1668 308 1726 multo
328 1668 462 1727 discedit.
511 1668 623 1741 Genus,
649 1668 734 1743 cujus
762 1668 934 1726 affinitatem
958 1668 1021 1743 jam
1049 1669 1230 1727 clarissimus

128 1743 252 1825 Harvey
266 1749 341 1807 bene
354 1750 514 1825 perspexit,
530 1749 784 1828 aCaryophylleis
796 1750 833 1807 ad
845 1749 1059 1825 Phytolacceas
1073 1747 1231 1808 transitum

126 1825 408 1889 claredemonstrat.

580 1967 780 2027 Mnuvacua.

527 2063 605 2123 Sida
619 2064 838 2141 cryptopetala.

554 2158 636 2222 (Sect.
647 2157 799 2220 Abutilom)

167 2241 333 2314 Fruticosa,
358 2243 670 2318 voluitne-pubescens
691 2249 721 2300 et
746 2241 833 2299 simul
858 2241 1004 2313 villosula,
1033 2241 1113 2299 foliis
1140 2242 1229 2317 longe

127 2321 284 2397 petiolatis,
301 2321 490 2381 inferioribus
511 2322 824 2392 orbiculari-cordatis,
840 2321 1040 2396 superioribus
1060 2329 1229 2380 ovato-cor·

128 2402 205 2460 datis
220 2405 328 2461 sensim
342 2404 469 2462 aeutetis
491 2404 641 2481 duplicato
655 2402 930 2472 menate-dentatis,
945 2402 1063 2477 stipulis
1077 2403 1229 2460 subulato·

126 2482 295 2554 linearibus,
306 2485 481 2560 pedunculis
490 2484 663 2542 axillaribus
673 2483 812 2542 solitariis
821 2482 955 2540 unifloris
963 2483 1065 2559 calyce
1074 2484 1230 2558 aliquoties

127 2562 312 2639 longioribus
326 2565 438 2640 apicem
449 2583 553 2624 versus
567 2564 741 2634 articulatis,
757 2563 866 2639 calycis
881 2564 919 2620 ad
932 2563 1070 2621 trientem
1085 2564 1229 2638 quinque·

127 2644 181 2700 fidi
203 2645 340 2702 dentibus
363 2644 517 2704 deltoideis
539 2645 817 2702 brevi-acuminatis
845 2643 1082 2713 conniventibus,
1112 2644 1229 2702 corolla

128 2725 245 2783 minuta
259 2726 362 2801 calyce
375 2726 500 2794 occulte,
514 2725 653 2800 carpidiis
668 2725 808 2782 subdenis
822 2724 918 2801 calyci
933 2723 1163 2800 subaequilongis
1176 2725 1229 2783 diu

129 2805 263 2862 connatis
284 2807 379 2863 acutis
400 2806 520 2864 muticis
540 2825 570 2863 v.
590 2805 722 2864 breviter
744 2804 905 2879 cuspidatis
928 2802 1043 2863 inferne
1064 2804 1228 2877 latioribus,

131 2885 291 2942 seminibus
305 2885 396 2943 fuscis
410 2886 531 2962 glabris.

170 2963 208 3020 In
234 2965 307 3022 locis
334 2965 519 3040 rupestribus
545 2965 641 3023 Novae
668 2964 836 3023 Hellandiae
864 2964 1073 3032 occidentalis;
1108 2984 1164 3041 eg.
1193 2966 1232 3023 ad

130 3044 295 3121 Toodyay3
315 3044 346 3103 J.
368 3045 563 3103 Drummond.
603 3046 701 3121 Prope
724 3044 827 3102 White
855 3043 959 3112 Peak3
980 3043 1020 3104 A
1046 3044 1177 3105 Oldfield
1200 3052 1232 3104 et

128 3124 162 3183 J.
178 3123 318 3183 Walcott.

170 3203 286 3264 Frutex
300 3205 423 3263 diffusus
434 3225 464 3264 v.
478 3210 644 3280 prostratus
659 3202 736 3262 2-3'.
778 3201 902 3279 Stipulae
916 3203 960 3260 bi·
972 3223 1001 3261 v.
1017 3203 1231 3279 plurilinearee.

130 3285 239 3343 Petieli
263 3285 343 3343 foliis
367 3304 444 3361 saepe
468 3284 635 3360 aequilengi.
683 3284 770 3343 Folia
796 3283 886 3355 villis,
908 3284 1016 3359 quibus
1043 3285 1107 3343 aliae
1131 3285 1234 3361 stirpis

131 3373 232 3441 partes
240 3367 378 3442 gaudent,
390 3366 529 3437 carentia,
545 3363 615 3423 l-2l
625 3365 722 3441 longa,
735 3364 840 3423 subtus
850 3363 1108 3441 paulopallidiora.
1134 3365 1232 3443 Calyx

132 3447 252 3505 circiter
274 3447 469 3518 semuncielis,
492 3447 524 3504 in
546 3446 694 3505 alabastro
719 3453 826 3504 ovatus
844 3445 1037 3516 acuminatus,
1059 3446 1124 3504 basi
1146 3447 1232 3506 valde

131 3530 254 3586 obtusus
267 3525 330 3586 fere
346 3528 461 3602 planus.
505 3525 624 3585 Corolla
642 3527 752 3602 pallide
771 3525 882 3584 luteola
901 3525 1005 3584 subtus
1021 3524 1132 3602 glabra,
1148 3528 1233 3587 basin

130 3627 234 3667 versus
244 3608 521 3684 suprapubescens3
535 3607 699 3682 petalorum
708 3624 777 3682 pare
786 3607 880 3665 libera
890 3606 1049 3665 obcordate
1061 3604 1116 3686 Ilm
1125 3607 1232 3684 longa3

131 3707 199 3764 pars
208 3687 285 3745 infra
295 3689 453 3746 staminum
464 3688 655 3746 insertionem
664 3695 790 3745 connata
800 3686 862 3744 fere
872 3687 980 3744 lineam
990 3688 1123 3746 metiens.
1157 3688 1231 3748 Car·

130 3769 211 3844 pidia
225 3769 344 3826 circiter
353 3765 392 3827 3'¹'
401 3769 499 3843 longa,
511 3786 595 3826 secus
605 3768 769 3844 marginem
782 3767 904 3825 verticis
917 3767 1231 3844 cibato-pubescentia,

130 3847 294 3906 lateraliter
314 3856 394 3907 arcte
413 3841 599 3920 cohaerentia,
619 3847 770 3924 capsulam
788 3847 975 3906 loculicidam
992 3849 1145 3924 fingentis,
1166 3868 1233 3909 sera

131 3935 218 3986 aetate
234 3935 350 3985 tantum
368 3927 551 4005 separabilia,
566 3929 646 3986 cirea
659 3928 843 3987 columellam
858 3928 1097 4002 sesquilinearem
1111 3930 1231 3988 inserta

133 4008 253 4069 Semina
266 4009 320 4065 vix
336 4005 372 4065 l‘''
385 4009 475 4085 longa
488 4010 678 4067 verruculose
691 4008 807 4082 oblique
821 4015 934 4066 renata.

175 4087 295 4164 Species
324 4087 354 4147 S.
379 4089 587 4164 diplotricham
615 4086 647 4165 (a
669 4089 737 4147 lacu
765 4089 896 4146 Torrens
923 4106 1017 4162 usque
1044 4089 1082 4146 ed
1110 4088 1234 4148 flumina

132 4170 259 4245 Darling
281 4175 311 4226 et
335 4167 438 4227 Suttor
461 4167 684 4247 extendentem)
710 4169 838 4240 imitans,
861 4168 962 4226 differt
985 4169 1131 4243 praecipue
1153 4167 1233 4228 foliis

132 4251 230 4308 minus
252 4249 373 4320 obtusis,
388 4248 540 4326 calycibus
561 4250 682 4309 brevius
703 4249 790 4320 fissis,
806 4249 932 4306 minutie
953 4248 1079 4319 corollae,
1093 4249 1232 4325 carpidiis

133 4349 227 4406 neque
237 4328 325 4388 facile
339 4329 542 4388 secedentibus
555 4348 611 4389 nec
622 4330 734 4389 vertice
747 4329 860 4388 indutis
873 4346 927 4386 nec
938 4346 1054 4386 sursum
1066 4328 1230 4401 latioribus,

132 4428 218 4484 porre
232 4410 392 4468 seminibus
406 4409 524 4486 glabris.
