2926 5062
685 504 723 562 54

195 664 296 726 Arbor
309 666 406 725 minor
417 686 445 725 r.
458 666 622 735 mediocris,
638 665 787 723 interdum
801 681 872 721 vero
886 679 1009 737 procera
1022 667 1053 719 et
1067 659 1265 718 altitudinem

157 751 215 805 100
226 748 331 824 pedum
342 749 478 816 attinens,
488 748 566 822 apud
575 746 766 804 Tasmanicos
776 745 896 801 nomina
910 742 1134 817 “Poppermint,
1143 740 1264 797 Brown

153 828 353 905 Peppermint,
377 828 514 886 Riedon’s
537 834 568 885 et
591 827 744 902 Drooping
767 824 941 884 Gom-tree’'
968 841 1084 898 gerens.
1125 820 1262 896 Lignum

154 928 231 984 oegre
246 909 482 976 comburendum,
495 908 521 965 si
531 926 599 964 raro
608 907 708 977 fissile,
723 925 776 982 pro
790 905 963 963 imbricibus
974 903 1103 978 optimis,
1118 908 1264 959 monente

154 989 320 1060 Oldfieldio,
338 989 513 1047 adhibitum.
555 987 668 1046 Cortex
687 987 797 1044 solidus
816 1006 845 1043 v.
864 985 952 1060 paulo
968 985 1101 1054 fibrosus,
1123 981 1263 1056 squalida

154 1070 353 1140 cano-fuscus,
374 1086 500 1143 rugosus
519 1075 549 1126 et
567 1069 701 1137 rimosus,
720 1067 912 1142 utplurimum
927 1073 988 1122 tam
1003 1065 1033 1120 in
1048 1072 1153 1120 trunm
1166 1078 1263 1136 quam

154 1151 186 1206 in
199 1151 290 1207 ramis
304 1150 422 1206 omnino
436 1149 588 1223 peristens,
602 1149 672 1206 alibi
687 1156 785 1205 autem
796 1147 923 1222 agentiis
934 1145 1063 1202 nondum
1075 1145 1147 1201 satis
1157 1143 1262 1200 inves-

154 1230 257 1304 tigatis
277 1236 370 1286 strata
390 1230 508 1286 corticis
529 1229 681 1306 superiora
699 1246 717 1285 a
735 1229 825 1285 ramis
842 1235 872 1284 et
891 1228 928 1284 ab
942 1226 1046 1284 altiore
1060 1224 1158 1281 trunci
1172 1230 1263 1298 parte

154 1309 306 1383 dejiciens.
348 1309 436 1367 Remi
457 1308 572 1383 dejecto
591 1309 700 1366 cortice
722 1308 841 1378 cinerei,
864 1307 961 1375 laves,
984 1324 1043 1380 quo
1064 1304 1150 1361 modo
1169 1304 1263 1360 arbor

154 1390 314 1447 transitum
328 1408 346 1447 a
360 1391 488 1448 sectione
502 1390 762 1466 Rhytiphloiarum
784 1389 821 1445 ad
836 1387 1040 1461 Hemiphloias
1060 1392 1152 1460 parat.
1196 1383 1261 1440 Ra-

154 1470 228 1526 muli
249 1489 325 1545 saepe
346 1470 433 1528 valde
455 1471 624 1545 pendentes,
667 1469 752 1527 Folia
768 1469 881 1525 arboris
898 1467 1024 1525 evolutae
1046 1461 1135 1541 1ῥ-8”
1158 1465 1259 1538 longa,

156 1547 256 1607 2-12“‘
270 1551 338 1621 lata,
353 1552 411 1608 nisi
430 1558 535 1608 exacte
554 1551 709 1607 chartacea
727 1549 831 1606 saltem
850 1548 1089 1617 tenui-coriacea,
1110 1552 1190 1602 statu
1208 1544 1262 1618 ju·

155 1629 247 1702 niore,
262 1637 297 1687 ut
305 1629 369 1705 jam
379 1631 592 1688 Labillardiere
606 1632 760 1700 monuerit,
770 1648 870 1704 opaca,
880 1636 967 1685 aetate
980 1646 1052 1684 vero
1065 1625 1128 1684 fere
1142 1643 1263 1702 semper

157 1711 225 1785 plus
241 1712 376 1769 minusve
396 1712 530 1782 nitentia,
550 1711 699 1786 glandulis
718 1711 854 1784 oleigeris
875 1728 934 1765 non
954 1726 1022 1765 raro
1043 1706 1263 1782 pellucentibus

157 1793 260 1849 crebre
276 1798 426 1867 punctata,
448 1793 607 1849 saturatius
626 1810 713 1865 quam
728 1792 758 1846 in
773 1789 874 1846 multis
889 1789 955 1846 aliis
970 1786 1124 1863 speciebus
1138 1786 1259 1855 viridia,

157 1872 242 1928 venis
256 1890 359 1946 parum
373 1873 542 1947 patentibus
553 1891 619 1929 sera
629 1878 715 1929 aetate
725 1870 819 1945 magis
829 1871 860 1926 in
872 1876 1061 1944 conspectum
1071 1867 1263 1925 venientibus

157 1951 303 2009 distanter
330 1971 478 2027 percursa,
508 1953 641 2009 acumine
669 1952 752 2009 tenui
779 1952 951 2026 plerumque
977 1949 1126 2006 uncinata.
1173 1946 1263 2004 Folia

158 2038 257 2089 autem
270 2032 370 2107 stirpis
380 2032 509 2106 junioris
519 2032 568 2091 vel
581 2033 776 2112 propaginum
786 2030 961 2089 radicalium
974 2029 1098 2086 formam
1109 2028 1139 2084 in
1151 2044 1262 2103 genere

156 2129 216 2169 non
233 2113 352 2170 omnino
368 2132 465 2171 raram
481 2132 585 2190 nempe
605 2114 755 2171 cordatam
772 2119 801 2169 et
820 2119 938 2168 oratam
955 2111 992 2168 od
1012 2107 1043 2166 2⁸
1065 2110 1154 2166 latam
1176 2126 1260 2165 assu-

155 2201 250 2265 munt,
264 2194 353 2251 immo
367 2201 494 2252 connata
507 2202 585 2265 sunt,
594 2193 723 2269 plurium
733 2210 930 2267 congerierum
940 2191 1034 2248 instar
1043 2197 1115 2247 tunc
1126 2189 1264 2263 opposita

157 2280 189 2330 et
204 2274 292 2332 valde
310 2275 450 2349 pruinosa
466 2276 529 2332 sive
548 2275 667 2331 omnino
688 2273 818 2330 albentia
838 2278 1005 2329 occurrunt.
1048 2269 1149 2344 Hujus
1169 2270 1260 2326 etiam

157 2355 234 2410 roris
255 2354 453 2411 subfarinacei
481 2372 532 2411 seu
560 2354 743 2428 glaucedinis
767 2353 915 2410 alabastra
936 2352 1040 2409 talium
1064 2350 1261 2425 propaginum

157 2433 238 2490 haud
252 2452 319 2491 raro
338 2441 407 2490 sunt
423 2434 590 2509 participes
632 2434 725 2490 Venae
742 2431 878 2489 foliorum
895 2433 1053 2490 latitudine
1069 2431 1142 2488 adeo
1159 2438 1260 2487 aucto·

158 2531 233 2584 rum,
262 2520 296 2570 ut
323 2513 410 2571 facile
436 2515 539 2589 fingas,
569 2514 725 2571 admodum
753 2514 921 2589 divergunt.
962 2512 1128 2570 Pedunculi
1151 2529 1262 2585 paucas

158 2593 253 2651 lineas
267 2593 304 2651 ad
318 2594 453 2670 pollicem
467 2612 559 2669 usque
573 2594 662 2669 longi,
679 2594 750 2651 satis
764 2600 875 2663 tenues,
887 2593 953 2668 plus
966 2593 1103 2650 minusve
1117 2591 1261 2666 angulati.

158 2673 320 2732 Alabastro
341 2693 417 2749 saepe
436 2671 474 2731 3'‘'
493 2676 589 2750 longa,
612 2675 760 2733 interdum
780 2675 924 2732 breviora.
972 2673 1114 2749 Operculi
1135 2672 1262 2729 altitudo

159 2755 198 2811 ad
212 2773 357 2812 summum
375 2752 419 2812 l“‘.
463 2754 643 2830 Operculum
660 2756 800 2825 exterius,
816 2756 991 2812 observante
1006 2753 1171 2823 Oldfieldio,
1186 2770 1260 2809 non-

159 2854 310 2909 nunquam
328 2854 465 2910 praesens,
485 2837 689 2911 magnitudine
706 2836 831 2894 interius
852 2836 1017 2909 adaquant,
1038 2852 1152 2909 semper
1170 2832 1261 2889 cadu-

160 2915 319 2972 cissimum.
367 2916 534 2974 Filamenta
557 2935 713 2985 cremorea,
735 2924 855 2982 tenera3
883 2934 984 2973 eorum
1007 2915 1141 2989 longiora
1165 2909 1263 2987 13-2'

160 2996 322 3054 metientia.
344 2995 488 3054 Antherae
500 2993 578 3078 ΗΜ
591 2985 666 3068 latae,
676 2998 801 3072 pallidae.
831 2996 933 3072 Stylus
944 2996 1119 3052 staminibus
1132 2993 1261 3062 brevior,

161 3073 240 3153 l-lm
263 3078 396 3136 metiens.
438 3078 567 3134 Fructus
589 3075 667 3134 2-3‘''
694 3079 784 3153 longi,
809 3077 889 3134 baud
912 3096 939 3133 v.
964 3094 1120 3151 perparum
1144 3092 1263 3132 sursum

159 3158 305 3216 contracti
315 3181 323 3226 ;
336 3177 439 3234 mergo
449 3158 571 3216 verticis
581 3157 669 3215 latior
677 3178 706 3216 v.
718 3158 877 3233 angustior,
887 3175 1037 3231 nunquam
1048 3161 1263 3231 praeangustus.

161 3237 281 3298 Semina
297 3239 411 3296 sterilia
426 3238 517 3308 fulva,
536 3258 612 3314 saepe
634 3237 669 3295 1‘¹‘
691 3240 834 3307 breviora,
858 3237 1037 3304 latiuscula3
1063 3236 1174 3295 fertilia
1195 3253 1263 3309 spa·

161 3319 252 3389 dices,
268 3326 364 3387 ovata,
380 3319 530 3393 angulosa,
545 3319 653 3395 partim
667 3326 811 3388 truncata,
827 3316 888 3375 fere
906 3315 941 3374 l“'
955 3318 1052 3392 longa.

201 3397 238 3455 E.
253 3399 434 3470 tenuiramis,
453 3398 528 3473 Miq.
551 3398 642 3474 Stirp.
660 3399 740 3458 Nor.
760 3398 841 3456 Holl.
859 3400 907 3469 32,
926 3399 1087 3456 secundum
1106 3396 1264 3471 diagnosin

161 3477 200 3535 ab
210 3478 247 3535 E.
259 3478 448 3554 amygdalina
460 3480 594 3555 dignosci
607 3480 720 3554 nequit.
742 3479 860 3537 Dubius
873 3479 961 3550 haero,
974 3497 1071 3537 annon
1086 3477 1264 3553 propagines

162 3557 199 3616 E.
214 3559 352 3616 coriacese
369 3559 533 3635 promiscue
553 3560 607 3618 sub
627 3561 745 3618 nomine
763 3558 800 3617 E.
817 3559 942 3616 Riedoni
964 3559 1264 3634 comprehenduntur.

163 3638 321 3697 Transitus
338 3648 437 3697 autem
455 3640 549 3698 claros
566 3642 603 3698 ab
621 3640 658 3698 Ε.
674 3641 806 3709 Riedoni,
822 3641 936 3715 qualem
951 3640 983 3698 J.
1000 3639 1122 3696 Hooker
1136 3638 1263 3712 depixit,

162 3720 200 3777 ad
220 3719 301 3777 illam
320 3721 356 3778 Ε.
377 3721 573 3797 amygdalina
593 3720 725 3789 formam,
743 3738 831 3795 quam
847 3719 950 3779 Sieber
965 3722 1019 3778 sub
1031 3720 1149 3776 nomine
1164 3718 1200 3774 E.
1215 3736 1276 3776 rar

162 3799 249 3857 dietae
268 3801 429 3873 distribuit,
449 3821 496 3860 me
520 3803 634 3877 ipsein
653 3801 825 3859 collectione
850 3799 1033 3860 Sonderiana
1055 3805 1263 3874 comparatam,

162 3901 180 3938 a
202 3880 273 3939 clar.
296 3881 424 3941 Oldfreld
445 3883 556 3958 accepi.
599 3880 719 3956 Species
738 3881 970 3958 Eucalyptorum
993 3880 1166 3948 Tasmaniae,
1190 3896 1266 3953 quas

161 3961 240 4020 inter
253 3969 338 4020 notas
357 3981 492 4038 agnosco,
507 3967 577 4020 sunt
591 3970 765 4036 sequentes:
786 3962 822 4019 E.
840 3962 995 4034 Globulus,
1010 3961 1047 4020 E.
1061 3961 1209 4034 urnigera,
1226 3959 1266 4017 Ε.

161 4042 319 4115 viminalis,
341 4044 377 4101 E.
397 4043 544 4114 acervulo,
567 4042 602 4100 E.
624 4043 820 4119 amygdalina,
843 4042 879 4100 Ε.
900 4044 1040 4114 coriacea,
1063 4043 1099 4099 E.
1114 4042 1264 4115 gigantea.

162 4121 204 4184 In¹
217 4123 355 4181 herbario
375 4130 476 4180 nostro
496 4123 532 4180 E.
551 4121 696 4180 coccisera
713 4130 744 4179 et
760 4122 796 4179 Ε.
812 4124 967 4181 vernicosa
985 4124 1074 4181 nimis
1093 4119 1267 4196 imperfecte

162 4210 275 4275 extant,
286 4211 321 4261 ut
330 4204 368 4261 de
378 4221 479 4260 earum
489 4203 625 4277 specifica
634 4202 779 4276 positione
790 4210 855 4261 tuto
864 4203 1038 4278 judicarem.
1066 4203 1154 4259 Prior
1164 4208 1266 4259 autem
1287 4211 1293 4218 ·

162 4283 205 4340 nil
213 4284 270 4340 nisi
279 4284 315 4341 E.
328 4283 523 4359 amygdalinae
533 4290 642 4340 statum
657 4283 795 4359 alpinum,
810 4285 931 4342 fioribus
945 4285 1055 4361 frigore
1069 4281 1264 4351 difformibus,

162 4363 304 4422 exhibere
314 4363 442 4421 videtur.
484 4362 519 4419 E.
532 4363 660 4433 cordate,
667 4362 781 4437 judicio
793 4364 951 4436 Oldfieldii‚
961 4365 1060 4423 forsan
1071 4365 1107 4423 Ε.
1117 4363 1266 4438 giganteae
