2926 5062
710 543 749 600 63

176 700 306 778 operculi
335 699 397 758 fere
415 700 642 776 ¹hemisphaerici
677 701 808 759 breviter
835 705 865 758 et
892 698 1092 757 obtusiuscule
1121 699 1279 757 acuminati

175 781 272 838 rarius
285 781 390 838 mntici
404 799 508 855 parum
520 800 549 838 v.
561 781 683 838 dimidio
697 781 867 851 excedente,
883 780 1016 838 aetheris
1030 778 1190 839 roboratis.
1203 779 1279 855 stylo

176 862 269 930 brevi,
294 862 432 935 stigmate
455 860 603 935 depresso,
615 860 772 937 fructibus
796 860 871 918 lato·
891 881 919 918 c.
943 859 1281 917 semicocta-turbinatis

176 940 370 1015 accopulata
385 941 604 1009 3—4-loculatis‚
620 942 753 1016 margine
768 941 889 999 verticis
904 940 976 997 satis
993 948 1120 1015 angusto
1136 952 1278 1007 convexa

176 1021 303 1095 capsulae
321 1021 434 1081 vertice
452 1021 579 1095 primum
599 1020 693 1097 plano,
712 1021 810 1078 valvis
834 1020 989 1078 deltoideis
1007 1019 1098 1095 juxta
1115 1019 1279 1094 marginem

178 1102 300 1157 inclusis
314 1120 343 1158 v.
359 1101 549 1168 subexsertis,
565 1102 725 1159 seminibus
740 1101 859 1175 apteris.

217 1180 254 1236 In
277 1180 456 1254 planitiebus
479 1181 664 1256 vallibusque
688 1181 821 1250 madidis,
842 1199 896 1238 nec
916 1199 974 1237 nou
994 1180 1025 1236 in
1044 1178 1194 1237 montibus
1212 1180 1279 1237 udis

177 1259 322 1317 silvaticis
336 1261 580 1335 perAustraliam
595 1261 711 1319 felicem
725 1270 755 1319 et
767 1261 955 1318 Tasmaniam
970 1261 1079 1336 passim
1093 1260 1279 1335 proveniens,

177 1341 359 1397 occidentem
382 1360 485 1399 versus
508 1341 545 1398 ad
573 1342 670 1399 sinum
693 1341 831 1401 Guichen
851 1341 918 1417 Bay
939 1341 1110 1411 extendens,
1139 1341 1171 1397 in
1199 1340 1280 1415 alpes

177 1421 367 1478 adscendens.

147 1572 150 1581 ι
217 1499 317 1558 Arbor
327 1502 446 1558 nomina
458 1501 548 1559 “Red
557 1499 732 1561 Gom-tree'‘
740 1508 771 1560 et
782 1500 989 1561 “Cider-tree‘’
1001 1500 1079 1576 apud
1090 1500 1280 1558 Tasmanicos

176 1598 290 1656 gerens,
312 1580 499 1639 altitudinem
519 1580 621 1656 (etiam
642 1583 673 1638 in
693 1583 836 1639 montium
859 1582 1054 1640 excelsiorum
1077 1581 1279 1638 cacuminibus

175 1679 201 1718 e.
211 1679 240 1735 g.
256 1661 286 1716 in
301 1668 400 1719 monte
409 1661 536 1737 duliett)
550 1660 615 1719 150¹
625 1662 762 1732 attinens,
779 1663 885 1737 saepius
900 1669 998 1720 autem
1012 1661 1104 1719 multo
1116 1662 1277 1730 demissior,

177 1741 207 1796 in
222 1741 391 1815 regionibus
411 1741 530 1816 frigidis
551 1750 641 1800 vento
659 1743 803 1817 expositis
820 1743 898 1799 sicut
916 1743 1027 1800 circum
1046 1741 1168 1817 paludes
1185 1741 1279 1816 plani·

177 1821 284 1878 tierum
306 1819 491 1878 arbusculam
506 1828 622 1879 tantum
636 1822 775 1893 formans,
790 1823 939 1879 interdum
953 1821 1017 1896 jam
1038 1829 1118 1878 statu
1136 1821 1279 1879 fruticoso

176 1901 292 1957 florens.
322 1900 414 1958 Coma
427 1908 472 1958 sat
487 1902 631 1958 umbrosa.
661 1902 807 1973 Truncus,
818 1902 937 1958 laminis
951 1902 1069 1959 corticis
1082 1902 1279 1959 exterioribus

177 1980 334 2055 degluptis,
357 1988 463 2055 praeter
480 1982 564 2038 basin
581 1982 752 2056 plerumque
773 1983 855 2039 laevis
874 1990 905 2038 et
924 1982 1118 2052 cinerescens,
1133 1983 1164 2038 in
1179 1982 1281 2040 infima

177 2061 274 2117 rarius
291 2061 381 2117 etiam
402 2061 434 2117 in
452 2061 556 2118 altiore
575 2069 659 2136 parte
678 2063 818 2119 corticem
839 2068 990 2119 vetustum
1013 2062 1128 2119 sordide
1148 2062 1278 2120 cinereo·

141 2152 144 2164 ’
177 2140 293 2198 fuscum
307 2159 448 2215 rugosum
461 2149 492 2198 et
505 2142 644 2199 rimosum
658 2143 798 2200 retinens.
840 2141 959 2199 Ramuli
973 2140 1108 2214 juniores
1121 2141 1278 2217 tetragoni,

178 2222 307 2278 seniores
326 2220 519 2278 teretiusculi.
562 2222 647 2279 Folia
667 2219 739 2279 2-5“
761 2223 857 2296 longa,
877 2218 949 2298 &2¹¹
965 2221 1034 2291 lata,
1054 2229 1140 2279 aetate
1155 2221 1208 2278 vix
1225 2241 1280 2278 un·

177 2320 264 2375 quam
276 2301 457 2376 pellucenter
471 2309 620 2376 punctata,
636 2302 716 2359 haud
730 2321 797 2359 raro
810 2301 961 2358 undulata.
995 2301 1161 2358 Pedunculi
1175 2320 1279 2376 parum

178 2381 344 2456 compressi,
369 2377 468 2438 3-10’”
492 2382 582 2457 longi.
623 2382 767 2440 Pedioelli
792 2400 872 2451 nunc
896 2381 1053 2452 obliterati,
1078 2400 1157 2439 nunc
1182 2383 1219 2439 ad
1241 2378 1280 2439 4¹⁶

177 2462 267 2536 longi.
310 2460 429 2538 Calycis
448 2463 536 2519 tubus
555 2458 634 2519 2-4‘''
653 2462 766 2537 longus,
789 2479 866 2538 saepe
888 2462 1008 2532 nitidus,
1028 2481 1087 2518 non
1111 2464 1279 2538 angulosus.

178 2540 358 2616 Operculum
374 2538 454 2600 2-3'''
467 2543 568 2614 latum,
584 2544 756 2612 coriaceum,
774 2536 1086 2617 nonnunquamvalde
1100 2543 1278 2618 depressum,

177 2621 325 2679 interdum
340 2623 455 2680 acutius
466 2630 495 2680 et
506 2623 623 2698 longius
634 2623 841 2692 acuminatum,
855 2623 1019 2697 splendoris
1034 2641 1109 2698 saepe
1123 2623 1279 2698 particeps,

177 2702 271 2759 altera
284 2703 418 2779 calyptra
434 2703 553 2760 circiter
567 2703 673 2761 lineam
690 2704 830 2762 metiente
844 2702 950 2778 fugace
966 2702 1116 2760 interdum
1130 2704 1279 2761 donatum.

178 2782 344 2840 Filamenta
361 2791 470 2852 tenera,
492 2783 597 2851 albida,
618 2783 817 2841 exsiccatione
833 2782 1030 2854 flavescentia,
1049 2783 1183 2858 longiora
1201 2780 1280 2841 2-3'l

177 2862 340 2919 metientia.
381 2861 525 2921 Antherae
542 2863 705 2935 versatiles,
725 2863 850 2938 pallidae,
869 2860 947 2939 ΗΜ
963 2863 1066 2938 longae,
1085 2864 1148 2921 basi
1165 2863 1279 2933 bilobae,

178 2948 264 2998 aetate
278 2941 340 2999 fere
354 2941 386 2997 in
400 2942 553 3000 clavellam
564 2950 733 3001 coarctatae.
777 2943 878 3020 Stylus
898 2939 1122 3018 13-2'llongua
1138 2944 1280 3001 crassius-

178 3021 271 3079 culus.
300 3022 428 3079 Fructus
443 3019 521 3079 2-4‘''
536 3023 626 3098 longi,
642 3023 754 3080 vertice
768 3023 830 3081 fere
844 3024 966 3081 totidem
980 3023 1042 3080 lati.
1074 3024 1180 3081 Valvas
1190 3023 1281 3098 juxta

177 3102 342 3176 marginem
362 3102 484 3160 verticis
508 3097 659 3174 oriundae,'
673 3103 782 3160 lineam
806 3103 901 3178 longae
921 3122 951 3160 v.
972 3103 1130 3173 breviores,
1154 3104 1280 3178 denique

178 3190 327 3240 surrectae.
385 3180 505 3240 Semina
532 3182 645 3240 sterilia
674 3180 751 3259 l-ll'
779 3183 875 3257 longa,
904 3183 1117 3252 nitenti-fusca,
1147 3184 1282 3258 longiora

178 3260 410 3334 clavelliformia,
439 3262 577 3320 breviora
598 3262 660 3321 fere
684 3262 923 3330 rhombiformia;
951 3262 1063 3320 fertilia
1090 3262 1229 3339 oblongo·
1250 3283 1279 3322 v.

177 3343 449 3414 orbiculari-ovate,
464 3343 551 3400 dorso
567 3362 709 3408 convexa,
726 3350 830 3402 ventre
844 3343 1036 3418 planinscula,
1052 3344 1170 3419 nigrita,
1188 3344 1280 3402 subti-
1362 3413 1365 3420 Ι

177 3423 288 3481 lissime
303 3422 474 3481 cancellata.

220 3501 339 3578 Species
360 3504 430 3561 hinc
451 3504 488 3561 ad
509 3502 545 3561 E.
566 3504 745 3575 viminalem,
765 3504 834 3560 inde
855 3503 892 3560 ad
911 3503 947 3561 Ε.
966 3501 1175 3580 persicifoliam
1193 3511 1224 3562 et
1244 3505 1281 3564 Ε.

179 3584 347 3641 acervulam
368 3585 615 3660 appropinquans,
637 3584 737 3642 forsan
759 3585 848 3642 etiam
873 3584 909 3641 E.
931 3583 1107 3655 acervulam,
1128 3585 1159 3642 J.
1182 3585 1281 3644 Hook.
1343 3597 1349 3611 '

178 3664 258 3720 Flor.
268 3665 368 3722 Tasm.
379 3665 398 3722 l.
409 3683 443 3734 a,
454 3673 485 3722 et
495 3664 532 3723 E.
544 3665 748 3740 daphnoidem‚
764 3665 839 3739 Miq.
853 3663 943 3740 Stirp.
958 3664 1036 3722 Nov.
1049 3665 1130 3724 Holl.
1143 3663 1190 3738 37,
1203 3685 1281 3724 com·

178 3742 318 3818 plectens.

219 3821 321 3880 Arbor
335 3826 467 3898 quaedam
484 3825 620 3894 colossca,
639 3825 675 3883 Ε.
692 3825 829 3895 Globulo,
846 3826 923 3900 apud
942 3826 1039 3882 sinum
1060 3825 1183 3885 Sealer's
1200 3825 1282 3887 Cove

178 3903 329 3961 adsociata
349 3905 523 3979 ibidemque,
544 3905 805 3980 “Gumtop-tree''
824 3912 936 3977 vocata,
959 3906 1072 3981 lignum
1093 3925 1163 3964 vero
1183 3907 1282 3964 minus

178 3984 352 4041 diuturnum
373 3985 542 4059 ceteroquin
563 3985 591 4043 ei
615 3985 652 4044 E.
675 3985 797 4045 Globuli
819 3985 913 4044 simile
933 3987 1074 4060 praebens,
1097 3987 1282 4062 dignoscitur

178 4065 288 4122 cortice
300 4066 398 4122 trunci
408 4064 502 4122 basali
512 4072 631 4123 vetusto
641 4065 703 4124 fere
714 4067 744 4122 in
755 4067 874 4124 modum
885 4065 948 4141 ejus
959 4066 995 4123 Ε.
1007 4068 1153 4142 gigantea
1164 4066 1281 4124 fibroso.

178 4144 252 4202 Haec
270 4146 356 4202 arbor
370 4145 474 4220 ingens
488 4144 542 4202 vix
558 4146 646 4203 dubie
663 4147 700 4204 ad
717 4147 753 4204 E.
770 4146 885 4206 Gunnii
902 4146 1058 4205 referenda
1074 4147 1140 4204 erit.
1181 4146 1282 4204 Arbor

178 4225 356 4282 Tasmanica
367 4227 385 4258 “
395 4224 513 4301 Swamp
522 4224 701 4285 Gum·tree'’
711 4228 869 4298 nominata,
879 4245 925 4284 me
936 4227 1065 4284 nondum
1075 4227 1147 4296 visa,
1157 4225 1282 4285 fortasse

179 4304 406 4378 mmmm
